2742 4417
1317 345 1669 393 CARMINUM

631 501 895 565 Pomifer
925 499 1306 563 Auctumnus
1329 500 1537 582 fruges
1565 498 1865 578 effuderit,
1894 504 1957 561 et
1986 519 2123 562 mox
2180 500 2189 560 ’.

969 586 1198 648 Bruma
1225 587 1483 648 recurrit
1510 587 1691 648 iners.

629 671 870 735 Damna
899 673 1358 746 tamen,celeres
1388 679 1673 753 reparant.
1702 670 1982 733 caelestia
2010 671 2227 736 lunae:

971 757 1104 820 Nos
1156 758 1258 819 ubi
1287 757 1641 833 decidimus,
1760 811 1765 818 .

630 842 764 916 Quo
809 841 948 926 pius
992 842 1239 905 Aeneas
1290 863 1411 924 quo
1442 842 1609 904 dives
1638 841 1847 904 Tullus
1877 847 1940 903 et
1967 839 2182 904 Ancus

977 929 1184 990 Pulvis
1214 937 1277 990 et
1303 928 1517 989 umbra
1548 945 1771 989 sumus.
1945 986 1951 992 .

631 1010 780 1085 Quis
809 1013 928 1076 scit
975 1035 1054 1075 an
1083 1013 1369 1096 adjiciant
1400 1012 1721 1074 hodiernae
1752 1012 2015 1077 crastina
2042 1015 2307 1078 summae

767 1148 772 1154 .
843 1092 854 1101 ⁴
977 1099 1274 1181 Tempora
1301 1098 1365 1160 di
1394 1097 1643 1180 superi?

633 1180 870 1246 Cuncta
896 1204 1108 1246 manus
1135 1183 1342 1246 avidas
1369 1183 1608 1264 fugient
1668 1181 1913 1245 heredis
1962 1185 2152 1248 amico

975 1267 1144 1342 Quae
1175 1268 1415 1332 dederis
1444 1269 1661 1332 animo.
1902 1324 1907 1328 .

634 1349 791 1415 Cum
833 1355 1022 1416 semel
1066 1352 1362 1418 occideris
1406 1359 1473 1416 et
1512 1354 1588 1417 de
1610 1361 1673 1417 te
1704 1355 2019 1440 splendida
2046 1355 2245 1420 Minos

974 1438 1217 1504 Fecerit
1240 1441 1513 1516 arbim-ia,

525 1553 534 1560 ·
632 1522 699 1597 N
699 1544 798 1602 on,
828 1523 1154 1608 Torquate,
1185 1547 1398 1608 genus,
1422 1547 1543 1588 non
1572 1530 1631 1586 ie
1662 1527 1965 1606 facundia,
1995 1549 2116 1589 non
2144 1533 2206 1590 te

975 1612 1281 1674 Restituet
1308 1612 1535 1694 pietas3

527 1699 532 1704 “
631 1693 895 1758 Infernis
924 1705 1120 1778 neque
1152 1698 1310 1759 enim
1341 1696 1603 1759 tenebris
1632 1697 1833 1758 Diana
1860 1695 2145 1780 pudicum

974 1782 1222 1844 Liberat
1251 1783 1675 1864 Hippolytum,

583 1919 585 1922 Α
631 1861 768 1929 Nec
799 1865 1072 1930 Lethaea
1103 1868 1262 1946 valet
1294 1867 1561 1928 Theseus
1590 1867 1945 1950 abrumpere
1976 1887 2117 1932 caro
2191 1917 2195 1922 -

975 1950 1238 2016 Vincula
1267 1951 1554 2014 Pirithoo.

1119 2325 1884 2444 cARMEN'VHI.

803 2717 1130 2780 DONAREM
1162 2725 1401 2802 pateras
1434 2739 1726 2803 gra-taque
1758 2720 2123 2803 commodus,

807 2803 1152 2882 Censorino,
1184 2806 1328 2866 meis
1360 2827 1503 2880 aera
1532 2807 1851 2884 sodalibuS‚

805 2888 1108 2950 Donarem
1141 2889 1428 2971 tripodas,
1458 2891 1725 2972 praemia
1754 2891 2007 2952 fortium·

807 2973 1146 3050 Graiorum,
1177 2995 1372 3056 neque
1406 2983 1471 3036 tu
1502 2976 1756 3056 pessima
1785 2997 2097 3038 munerum

802 3058 1046 3134 Penes,
1077 3058 1262 3122 divite
1293 3080 1387 3122 me
1412 3061 1642 3125 scilicet
1672 3061 1886 3123 artium

805 3143 968 3216 Quas
999 3153 1104 3207 aut
1135 3144 1489 3209 Parrhasius
1518 3147 1765 3230 protulit
1816 3155 1923 3210 aut
1954 3145 2203 3231 Scopas,
2220 3143 2235 3152 ”

804 3229 926 3292 Hic
957 3251 1120 3306 sax0‚
1151 3231 1391 3313 liquidis
1420 3233 1519 3294 ille
1550 3233 1839 3295 coloribus
1873 3289 1877 3294 .

807 3314 1030 3378 Sollers
1060 3337 1218 3377 nunc
1250 3316 1545 3379 hominem
1575 3339 1819 3400 ponere,
1844 3339 2003 3388 nunc
2035 3318 2235 3382 deum.

803 3399 933 3464 Sed
964 3409 1083 3464 non
1111 3402 1260 3464 haec
1290 3403 1435 3464 mihi
1465 3403 1575 3478 vis,
1606 3425 1722 3465 non
1752 3405 1861 3467 tihi
1892 3405 2097 3467 talium

807 3487 932 3548 Res
965 3494 1056 3548 cst
1086 3495 1190 3549 aut
1221 3486 1451 3550 animus
1482 3488 1828 3552 deliciarum
1858 3511 2063 3572 egens.

807 3571 1053 3634 Gaudes
1077 3573 1434 3636 carminibus
1462 3594 1477 3648 ;
1525 3575 1789 3642 carmina
1817 3597 2127 3659 possumus

802 3657 1044 3718 Donare
1100 3666 1162 3719 et
1192 3658 1447 3740 pretium
1480 3659 1680 3723 dicere
1710 3661 1961 3724 muneri.

805 3741 868 3804 N
871 3764 946 3804 on
976 3743 1164 3806 incisa
1191 3744 1346 3806 notis
1376 3765 1672 3810 marmora
1701 3747 1973 3828 publicis,

697 3826 702 3832 ’
803 3827 927 3890 Per
958 3850 1111 3912 quae
1143 3829 1383 3913 spiritus
1416 3832 1635 3894 etviba
1661 3831 1818 3894 redit
1846 3832 2015 3894 bonis

2360 867 2365 871 '
2477 863 2535 911 15

2428 3511 2617 3561 ·ls1'
