2742 4417
407 337 532 400 186
1223 353 1665 400 Errsromnmr

408 505 541 578 Quo
571 506 754 569 semel
786 512 878 570 est
906 504 1134 568 imbuta
1164 527 1376 569 recens
1430 506 1693 568 servabit
1722 504 1963 566 odorem

406 592 590 655 Testa
620 592 742 654 diu.
834 589 1058 666 Quddsi
1091 613 1288 676 cessas
1318 598 1426 654 aut
1454 599 1735 653 strenuus
1764 591 1979 669 anteis‚

405 677 540 741 Nec
576 678 816 742 tardum
850 678 1124 762 opperior
1151 698 1264 740 nec
1294 677 1797 761 praecedentibus,
1823 676 2001 739 insto,

997 1101 1578 1168 EPISTOLA
1691 1102 1884 1169 ΙΙΙ.

402 1281 448 1346 J
450 1295 560 1342 ΠΗ
588 1275 825 1354 FLORE‚
855 1275 1068 1359 quibus
1098 1281 1396 1340 terrarum
1424 1273 1640 1337 militet
1668 1275 1786 1340 oris

407 1363 695 1431 Claudius
724 1361 990 1444 Augusti
1019 1361 1350 1445 privignus,
1382 1360 1536 1423 scire
1568 1360 1791 1424 laboro.

407 1448 719 1512 Thracane
752 1463 866 1510 vos·
887 1447 1248 1530 Hebrusque
1277 1446 1461 1507 nivali
1491 1447 1777 1527 compede
1809 1446 2068 1528 vinctuS‚

403 1534 509 1597 An
539 1535 696 1597 freta
725 1533 948 1596 vicinas
978 1533 1137 1594 inter
1165 1531 1471 1596 currentia
1498 1537 1719 1610 turre8‚

402 1620 506 1682 An
538 1621 789 1701 pingues
819 1618 1005 1682 Asiae
1037 1618 1229 1701 campi
1259 1618 1561 1699 collesque
1592 1623 1949 1681 morantur.
1930 1615 1957 1664 ⁶?

405 1704 563 1777 Quid
596 1705 860 1767 studiosa
889 1705 1097 1767 cohors
1126 1724 1373 1786 operum
1396 1703 1619 1764 struit.
1600 1701 1627 1748 ⁶?
1653 1703 1785 1766 Hoc
1804 1724 2053 1802 ‘quoque
2096 1725 2262 1770 curo.
2323 1741 2347 1762 .

405 1789 552 1862 Quis
583 1791 690 1853 sibi
721 1811 818 1852 res
849 1798 1050 1872 gestas
1081 1789 1346 1871 Augusti
1378 1787 1639 1850 scribere
1670 1789 1888 1852 sumit.
1867 1788 1894 1838 ’ἲ

402 1875 580 1938 Bella
608 1875 740 1958 quis
772 1882 834 1937 et
863 1895 1042 1957 paces
1069 1876 1313 1956 longum
1343 1873 1663 1936 diffundit
1646 1895 1708 1935 m
1744 1893 1999 1938 aevum.
1978 1875 2006 1922 ⁸?

405 1959 564 2032 Quid
596 1959 789 2022 Titius
821 1960 1091 2023 Roma-na
1117 1960 1286 2023 brevi
1313 1967 1603 2028 venturus
1624 1959 1686 2020 in
1716 1959 1874 2023 ora?

403 2045 708 2107 Pindarici
738 2045 914 2108 fontis
946 2046 1049 2128 qui
1081 2067 1199 2108 non
1230 2045 1517 2128 expalluit
1542 2044 1813 2125 haustus,

403 2129 701 2193 Fastidire
731 2131 897 2194 lacus
928 2139 991 2193 et
1019 2130 1175 2193 rivos
1205 2151 1386 2192 ausus
1416 2129 1704 2213 apertos?

404 2215 498 2280 Ut
530 2213 738 2279 valet?
775 2226 844 2278 ut
871 2217 1139 2279 meminit
1167 2216 1351 2278 nostri
1379 2214 1405 2276 ἲ
1493 2215 1817 2278 Fidibusne
1862 2214 2091 2281 Latinis

405 2301 719 2365 Thebanos
749 2310 957 2385 aptare
987 2301 1191 2364 modos
1221 2301 1429 2364 studet
1456 2301 1696 2384 auspice
1732 2300 1935 2383 Musa,

404 2388 511 2450 An
541 2389 774 2470 tragica
805 2387 1074 2451 desaevit
1107 2394 1168 2450 et
1199 2388 1557 2470 ampullatur
1586 2387 1648 2448 in
1678 2395 1806 2449 arte
1833 2385 1859 2449 ⁴?

406 2472 564 2545 Quid
592 2473 730 2536 mihi
782 2471 991 2536 Celsus
1023 2471 1204 2556 agita?
1248 2473 1507 2536 monitus
1537 2473 1915 2555 multumque
1944 2472 2281 2537 monendus

404 2558 682 2624 Privatas
713 2566 782 2621 ut
811 2567 1062 2642 quaerat
1091 2579 1251 2641 opes,
1265 2567 1327 2622 et
1355 2567 1607 2641 tangere
1640 2558 1791 2620 vitet

408 2643 648 2726 Scripta
699 2644 1009 2707 Palatinus
1039 2664 1436 2728 quaecunque
1482 2644 1713 2726 recepit
1741 2643 1979 2729 Apoll0,

403 2729 468 2792 N
472 2751 506 2792 e
559 2730 609 2791 si
639 2729 792 2791 forte
823 2751 962 2792 suas
990 2731 1312 2812 repetitum
1336 2729 1569 2791 venerit
1598 2730 1735 2792 olim

407 2813 571 2876 Grex
603 2815 800 2876 avium
832 2816 1060 2896 plumas
1113 2821 1350 2876 moveat
1380 2813 1681 2876 cornicula
1708 2814 1893 2876 risum

402 2898 668 2962 Furtivis
697 2899 921 2961 nudata
951 2897 1295 2960 coloribus?
1383 2897 1524 2980 Ipse
1559 2898 1704 2982 quid
1734 2894 1969 2962 audes?

406 2982 575 3055 Quae
608 2983 1044 3045 circumvolitas
1089 2984 1260 3065 agilis
1291 2981 1549 3070 thyma?
1639 2983 1778 3045 Non
1809 2984 1916 3046 tibi
1947 3004 2200 3067 parvum

403 3069 746 3152 Ingenium,
775 3091 891 3131 non
922 3068 1211 3131 incultum
1242 3075 1334 3130 cst
1363 3074 1427 3129 et
1456 3063 1711 3150 turpiter
1740 3068 1980 3134 hirtum.
2208 3094 2211 3098 ·

408 3154 530 3217 Seu
562 3155 823 3236 linguam
856 3154 1080 3216 caussis
1111 3154 1275 3216 acuis
1304 3174 1412 3216 seu
1442 3153 1633 3216 civica
1650 3154 1795 3238 jura

403 3240 791 3324 Respondete
823 3260 999 3321 paras
1028 3261 1136 3302 scu
1166 3239 1370 3302 condis
1400 3240 1651 3302 amabile
1682 3260 1946 3317 carmen,

403 3325 608 3388 Prima
635 3326 794 3388 feres
823 3325 1082 3388 hederae
1113 3325 1375 3387 victricis
1405 3326 1687 3408 praemia.
1780 3324 2008 3399 Quodsi

401 3410 650 3493 Frigida
680 3431 958 3473 curarum
989 3411 1252 3491 fomenta
1280 3411 1619 3493 relinquere
1650 3432 1853 3494 posses

404 3494 537 3567 Quo
569 3504 628 3558 te
663 3497 934 3558 caelestis
965 3497 1256 3578 sapientia
1284 3495 1538 3559 duceret
1587 3497 1729 3559 ires.

402 3580 541 3645 Hoc
573 3601 742 3664 opus»,
771 3581 883 3643 hoc
913 3582 1171 3643 studium
1203 3582 1373 3664 parvi
1404 3602 1795 3664 properemus
1818 3587 1881 3645 et
1908 3580 2090 3664 ampli

407 3665 470 3728 Si
503 3667 730 3749 patriae
763 3667 1052 3745 volumus,
1083 3668 1131 3729 si
1161 3668 1329 3729 nobis
1358 3667 1561 3729 vivere
1592 3667 1737 3730 cari,

403 3751 609 3815 Debes
639 3751 749 3814 hoc
782 3752 960 3813 etiam
992 3753 1344 3830 rescribere,
1390 3753 1441 3815 si
1483 3752 1587 3814 tibi
1620 3773 1801 3815 curae

404 3837 678 3910 Quantae
711 3837 1026 3900 conveniat
1050 3835 1395 3914 Munatiu83
1440 3857 1517 3899 an
1546 3839 1701 3900 male
1732 3843 1898 3900 sarta

2418 2066 2481 2116 10

2415 2495 2478 2544 15
