2742 4417
1141 344 1334 391 cm.
1379 346 1441 392 v.
2200 326 2327 391 109

567 503 689 566 Per
717 502 832 564 hoc
861 501 1037 563 inane
1067 522 1368 584 purpurae
1402 502 1587 565 decus
1617 522 1851 584 precor,

654 588 776 650 Per
805 587 1272 670 improbaturum
1303 588 1451 649 haec
1481 587 1525 649 J
1528 608 1720 665 ovem,

568 672 726 748 Quid
756 680 827 734 ut
855 687 1114 735 noverca
1141 694 1236 735 me
1265 672 1517 735 intueris
1568 680 1674 735 aut
1702 672 1791 735 uti

654 757 861 819 Petita
886 758 1048 820 ferro
1077 754 1305 819 belua?
2242 777 2303 824 10

568 841 665 907 Ut
693 844 844 905 haec
879 840 1159 904 trementi
1202 849 1450 925 questus
1479 862 1581 904 ore
1611 842 1879 907 constitit

653 927 998 1009 Insignibus
1028 928 1216 1009 raptis
1245 949 1418 1009 puer,

568 1012 824 1094 Impube
855 1032 1070 1094 corpus
1125 1014 1300 1095 quale
1333 1019 1534 1095 posset
1560 1012 1742 1097 impia

651 1098 889 1159 Mollire
921 1098 1219 1159 Thracum
1251 1106 1517 1179 pectora,

567 1182 821 1246 Canidia
849 1183 1130 1244 brevibus
1159 1182 1466 1265 implicata
1494 1181 1712 1265 vip’eris
2244 1197 2305 1245 15

655 1268 867 1331 Crines
899 1275 962 1329 et
989 1268 1354 1349 incomptum
1388 1282 1575 1351 caput

565 1353 611 1417 J
614 1354 758 1415 ubet
787 1353 1076 1435 sepulcris
1107 1353 1418 1434 caprificos
1448 1359 1673 1433 erutas,

651 1439 695 1502 J
700 1439 844 1501 ubet
875 1458 1192 1521 cupressus
1222 1438 1528 1516 funebreS,

565 1523 651 1587 Et
679 1531 864 1585 uncta
894 1524 1084 1605 turpis
1115 1544 1229 1586 ova
1259 1543 1442 1585 ranae
1476 1522 1790 1605 sanguine,

653 1609 1047 1692 Plumamque
1079 1615 1405 1671 nocturnae
1435 1608 1659 1689 strigis,
2238 1626 2302 1674 20

563 1693 926 1776 Hei-basque
979 1715 1128 1776 quas
1159 1694 1353 1756 Iolcos
1385 1700 1567 1775 atque
1599 1690 1852 1756 Hiberia

649 1779 845 1842 Mittit
875 1800 1238 1841 venenorum
1267 1779 1462 1855 ferax,

566 1864 652 1928 Et
681 1885 814 1927 ossa
844 1865 918 1926 ab
949 1886 1052 1927 ore
1083 1873 1255 1946 rapta
1274 1865 1519 1946 jejunae
1552 1863 1717 1927 canis

651 1949 936 2013 Flammis
965 1950 1139 2012 aduri
1170 1948 1485 2012 Colchicis.

564 2035 660 2100 At
685 2035 968 2118 expedita
1000 2034 1242 2117 Sagana
1294 2056 1403 2117 per
1432 2042 1618 2097 totam
1646 2032 1885 2095 domum
2238 2050 2303 2099 25

658 2119 962 2203 Spargens
995 2120 1328 2182 Avernales
1361 2140 1549 2203 aquas

569 2205 801 2269 Horret
829 2205 1077 2288 capillis,
1088 2212 1157 2267 ut
1184 2206 1449 2267 marinus
1479 2204 1707 2288 asperis

659 2291 924 2353 Echinus
953 2300 1059 2353 aut
1109 2310 1360 2354 currens
1391 2311 1557 2372 aper.

567 2374 810 2440 Abacta
837 2377 1000 2437 nulla
1029 2376 1186 2439 Veia
1216 2375 1579 2439 conscientia

655 2461 980 2543 Ligonibus
1009 2461 1174 2523 duris
1205 2461 1469 2523 humum
2240 2478 2302 2527 30

576 2545 986 2609 Exhauriebat
1036 2546 1344 2627 ingemens
1371 2544 1697 2625 laboribuS,

653 2630 786 2704 Quo
819 2640 1016 2713 posset
1038 2632 1296 2695 infossus
1309 2646 1479 2713 *puer

577 2714 785 2798 Longo
814 2716 922 2779 die·
939 2717 1028 2778 bis
1058 2725 1271 2799 terque
1301 2723 1568 2780 mutatae
1599 2714 1771 2799 dapis

654 2801 916 2864 Inemori
947 2802 1310 2889 spectaculQ

576 2882 733 2949 Cum
774 2886 1145 2971 promineret
1199 2908 1300 2948 ore
1356 2892 1646 2969 quantum
1678 2889 1917 2950 exstant
1944 2903 2103 2967 aqua
2240 2904 2303 2953 35

660 2972 966 3053 suspensa
995 2978 1196 3033 mento
1227 2993 1514 3055 corpora3

573 3054 854 3121 Exsucca
873 3057 961 3118 uti
989 3056 1251 3119 medulla
1279 3064 1343 3119 et
1371 3058 1604 3121 aridum
1650 3057 1831 3141 jecur

648 3141 892 3204 Amoris
922 3149 1083 3204 esset
1111 3143 1409 3224 poculum,

571 3225 966 3289 Interminato
1021 3249 1159 3290 cum
1203 3228 1387 3290 semel
1414 3228 1569 3290 fixae
1600 3227 1732 3290 cibo

658 3311 1071 3374 Intabuissent
1098 3313 1381 3394 pupulae.
2243 3332 2306 3379 4ο

570 3394 713 3459 Non
746 3396 1006 3459 defuisse
1036 3399 1336 3460 masculae
1367 3397 1626 3461 libidinis

662 3481 1102 3543 Ariminensem
1137 3482 1360 3544 Foliam

567 3566 654 3631 Et
681 3567 866 3629 otiosa
900 3566 1155 3629 credidit
1185 3566 1473 3649 Neapolis

656 3650 740 3713 Et
769 3673 939 3714 omne
972 3651 1230 3713 vicinum
1261 3652 1565 3734 oppidum,

571 3734 742 3810 Quae
771 3737 972 3799 sidera
1000 3745 1319 3799 excantata
1349 3757 1495 3799 voce
1526 3735 1815 3799 Thessala
2240 3757 2305 3807 45

657 3821 1205 3970 Lunamqtieocaelo
1235 3822 1475 3906 deripit.
