2742 4417
416 334 560 400 ,192
1170 392 1177 398 .
1246 354 1692 403 amemur-uu

432 504 521 568 Et
546 527 868 590 properare
896 508 1027 571 loco
1056 514 1121 571 et
1148 529 1386 572 cessare
1417 516 1482 572 et
1509 529 1802 592 quaerere
1837 515 1900 571 et
1927 509 2041 589 uti,

432 589 813 655 Gaudentem
841 594 1159 677 parvisque
1188 594 1488 657 sodalibus
1518 601 1582 657 et
1609 595 1735 657 lare
1766 601 1932 657 certo

429 674 515 739 Et
541 676 697 741 ludis
726 685 789 741 et
817 685 951 761 post
980 679 1183 743 decisa
1208 680 1452 762 negotia
1482 679 1728 762 Camp0.

426 766 471 798 “
502 760 720 825 Scitari
748 764 893 826 libet
922 785 997 827 ex
1024 764 1153 847 ipso
1183 765 1582 848 quodcunque
1612 765 1842 840 refers3
1887 764 1984 829 dic
2439 784 2509 836 σο

427 846 533 910 Ad
564 868 808 911 coenam
838 849 1102 912 veniat.''
1190 848 1335 913 Non
1365 871 1510 913 sane
1541 850 1789 913 credere
1821 850 2030 929 Mena,
2151 892 2160 903 ·

427 930 638 996 Mirari
668 954 873 997 secum
901 935 1136 998 tacitus.
1228 933 1388 1009 Quid
1416 934 1648 999 multa?
1735 940 1777 971 “
1794 932 2136 1017 Benigne,’'

426 1016 791 1101 Respondet.
870 1024 911 1057 ‘⁴
934 1019 1142 1103 Neget
1168 1021 1269 1083 ille
1298 1020 1444 1083 mihi
1463 1019 1490 1083 ’ἓ
1508 1020 1549 1052 ”
1625 1024 1666 1057 “
1690 1019 1900 1101 Negat
1925 1020 2228 1104 improbus
2257 1025 2324 1084 et
2351 1025 2414 1084 te

424 1102 489 1164 N
493 1104 702 1186 egligit
730 1110 836 1167 aut
862 1105 1130 1168 horret.'’
1206 1105 1518 1170 Volteium
1546 1126 1722 1169 mane
1753 1105 2070 1191 Philippus
2425 1124 2434 1131 ·

424 1186 590 1252 Vilia
619 1190 975 1252 vendentem
1006 1190 1271 1253 tunicato
1304 1198 1508 1255 scruta
1537 1191 1770 1274 popello
2437 1208 2503 1260 65

426 1271 704 1357 Occupat
732 1283 795 1337 et
822 1275 1054 1338 salvere
1073 1276 1250 1359 jubet
1279 1277 1460 1360 prior.
1555 1276 1668 1339 Ille
1700 1276 1976 1360 Philippo
2487 1299 2494 1305 ·

424 1356 734 1421 Excusare
764 1360 1026 1423 laborem
1056 1369 1121 1423 et
1148 1362 1522 1425 mercenaria
1549 1362 1767 1440 vincla,

424 1441 597 1515 Quod
626 1465 745 1507 non
775 1446 1217 1509 mane.domum
1246 1446 1529 1526 venisset,
1559 1445 1816 1529 denique
1846 1446 2008 1529 quod
2035 1466 2154 1510 non

421 1526 791 1600 Providisset
820 1552 977 1593 eum.
1067 1536 1108 1569 “
1134 1529 1235 1595 Sic
1265 1532 1564 1615 ignovisse
1594 1539 1804 1615 putato

384 1639 392 1647 ·
420 1611 528 1677 Me
560 1614 665 1677 tibi
695 1615 745 1679 si
776 1637 989 1681 coenas
1019 1616 1194 1680 hodie
1224 1617 1546 1681 mecum.”·
1600 1622 1641 1653 “
1665 1616 1757 1681 Ut
1784 1616 1995 1679 libet.’'
2070 1620 2112 1653 “
2135 1616 2302 1700 Ergo
2433 1635 2501 1685 70

420 1698 569 1763 Post
602 1721 816 1764 nonam
848 1702 1086 1765 venies:
1134 1724 1295 1767 nunc
1324 1703 1367 1782 i,
1400 1724 1528 1767 rem
1556 1709 1836 1771 strenuus
1866 1702 2087 1785 auge.’'

420 1783 513 1848 Ut
540 1792 785 1849 ventum
815 1788 893 1851 ad
922 1808 1168 1851 coenam
1198 1795 1313 1867 est,
1344 1788 1601 1855 dicenda
1631 1786 1888 1851 tacenda
1915 1788 2152 1851 locutus
2205 1804 2212 1809 ·

422 1869 691 1934 Tandem
722 1872 1039 1937 dormitum
1069 1873 1406 1937 dimittitur.
1493 1873 1617 1959 Hic
1646 1873 1749 1935 ubi
1777 1886 1958 1956 saepe

422 1953 741 2021 Occultum
773 1959 934 2023 visus
964 1958 1287 2023 decurrere
1318 1959 1498 2043 piscis
1529 1959 1607 2021 ad
1634 1959 1876 2020 hamum
2041 1956 2050 1967 ’

417 2038 605 2105 Mane
639 2044 825 2107 cliens
854 2053 919 2107 et
936 2045 1065 2128 jam
1095 2052 1295 2107 certus
1326 2045 1596 2122 conviva,
1616 2044 1868 2127 jubetur
2429 2062 2498 2111 ⁷5

418 2124 587 2190 Rura
616 2129 956 2193 suburbana
984 2130 1223 2194 indictis
1254 2150 1451 2193 comes
1479 2130 1567 2192 ire
1599 2128 1848 2192 Latinis.
1937 2180 1940 2185 .

416 2208 737 2296 Impositus
767 2215 996 2279 mannis
1025 2236 1235 2279 arvum
1266 2216 1617 2298 caelumque
1647 2212 1933 2279 Sabinum

416 2294 482 2359 N
484 2319 559 2360 on
590 2307 786 2364 cessat
813 2302 1082 2364 laudare.
1177 2299 1371 2363 Videt
1400 2301 1675 2383 ridetque
1707 2300 2018 2383 Philippus

416 2380 502 2445 Et
530 2385 641 2447 sibi
670 2386 813 2449 dum
842 2387 1134 2471 requiem,
1165 2387 1306 2449 dum
1337 2386 1492 2449 risus
1520 2385 1784 2468 undique
1817 2386 2026 2467 quaeri
2057 2430 2075 2465 ,

416 2465 579 2533 Dum
611 2481 840 2554 septem
872 2472 1057 2536 donat
1085 2472 1383 2550 sestertia,
1415 2478 1622 2534 mut-ua
1651 2478 1883 2554 septem
2425 2491 2492 2541 ευ

416 2552 741 2636 Promittit,
768 2557 1095 2641 persuadet
1124 2557 1213 2621 uti
1242 2564 1546 2621 mercetur
1575 2557 1852 2639 agellum.

412 2637 743 2705 Mereatur.
834 2644 897 2705 N
900 2664 933 2707 e
965 2650 1026 2707 te
1056 2643 1246 2726 longis
1277 2642 1624 2725 ambagibus
1654 2642 1815 2703 ultra
1861 2656 1876 2672 ·

413 2722 609 2796 Quam
638 2728 785 2790 satis
816 2735 909 2791 est
936 2750 1153 2807 morer,
1184 2750 1261 2791 ex
1289 2728 1476 2791 nitido
1503 2729 1576 2790 fit
1604 2727 1862 2789 rusticus
1891 2733 2073 2809 atque

414 2808 625 2875 Sulcos
656 2819 719 2876 et
749 2814 947 2877 vineta
976 2821 1185 2897 crepat
1211 2833 1416 2891 mera3
1461 2820 1781 2896 praeparat
1808 2812 2016 2892 ulmos,

410 2894 754 2961 Immoritur
783 2900 995 2962 studiis
1025 2907 1087 2961 et
1117 2921 1317 2962 amore
1347 2899 1607 2962 senescit
1633 2897 1912 2960 habendi.
2419 2920 2488 2969 85

410 2980 643 3045 Verum
672 2984 775 3046 ubi
804 3006 947 3053 oves
974 2984 1157 3063 surm,
1187 2985 1390 3048 morbo
1418 2984 1650 3067 periere
1682 2983 1971 3065 capellae,

414 3064 596 3149 Spem
624 3070 877 3133 mentita
906 3090 1101 3152 segeS‚
1132 3070 1236 3133 bos
1268 3077 1361 3133 est
1391 3076 1638 3133 enectus
1669 3068 1914 3148 arand0‚

412 3151 689 3217 Offensus
720 3155 950 3217 damnis
979 3156 1177 3219 media
1207 3155 1281 3218 de
1312 3162 1488 3219 nocte
1520 3155 1815 3218 caballum

415 3239 653 3322 Arripit
680 3241 989 3321 iratusque
1022 3240 1282 3325 Philippi
1311 3241 1508 3305 tendit
1537 3240 1613 3303 ad
1644 3240 1842 3315 aedes.

409 3322 604 3395 Quem
634 3325 806 3387 simul
838 3326 1113 3408 adspexit
1141 3327 1420 3390 scabrum
1448 3327 1866 3409 intonsumque
1896 3325 2254 3411 Phillippus,
2419 3346 2486 3396 90

407 3413 449 3445 “
472 3408 744 3488 Duru5‚''
778 3410 883 3491 ait,
913 3418 949 3450 “
974 3411 1199 3491 Voltei,
1228 3412 1404 3475 nimis
1433 3419 1818 3495 attentusque
1848 3412 2068 3475 videris

406 3492 559 3556 Esse
585 3495 791 3557 mihist
880 3501 921 3533 “
949 3496 1060 3560 Pol
1089 3519 1183 3561 me
1214 3498 1517 3576 miserum,
1547 3505 1821 3581 patrone,
1853 3518 2116 3576 vocareS‚

410 3578 477 3643 Si
507 3581 757 3660 velles,”
789 3581 1005 3664 inquit,
1035 3587 1075 3619 ‘⁶
1102 3605 1311 3647 verum
1340 3583 1485 3645 mibi
1512 3604 1732 3665 ponere
1763 3582 2010 3648 nomen!

407 3664 582 3737 Quod
614 3673 673 3729 to
705 3688 814 3751 per
848 3667 1107 3731 Genium
1136 3669 1530 3751 dextramque
1563 3667 1824 3751 deosque
1855 3667 2117 3734 Penates

408 3749 675 3815 Obsecro
706 3759 768 3815 et
797 3752 1083 3833 obtestor,
1114 3754 1273 3817 vitae
1303 3776 1399 3817 me
1429 3753 1618 3817 redde
1649 3752 1901 3837 priori.'’
2419 3776 2487 3827 95

407 3834 525 3910 Qui
555 3840 739 3902 semel
769 3839 1045 3923 adspexit
1074 3847 1366 3923 quantum
1397 3839 1639 3905 dimissa
1663 3839 1868 3926 petitis
