2742 4417
415 231 537 350 110

1194 306 1447 354 EPODON
1491 307 1703 353 LIBER..

675 458 781 522 Ad
809 480 928 522 non
956 458 1173 522 amicos
1217 459 1342 522 heu
1408 459 1554 522 mihi
1582 464 1783 542 postes
1834 464 1899 520 et
1920 458 2047 522 'heu

759 544 994 630 Limina
1023 544 1196 623 dura,
1226 545 1441 630 quibus
1470 545 1701 607 lumbos
1730 551 1793 606 et
1820 543 2039 626 infregi
2066 545 2247 608 latuS.

677 628 860 692 Nunc
913 593 1220 711 gloriantis
1250 625 1577 712 quamlibet
1603 629 2017 692 mulierculam

761 713 1025 778 Vincere
1054 715 1297 777 mollitie
1351 735 1517 777 amor
1548 713 1787 798 Lycisci
1816 735 1910 777 me
1943 720 2133 797 tenet,

677 797 859 862 Unde
890 799 1171 882 expedire
1201 821 1322 862 non
1351 799 1675 862 amicorum
1704 806 1931 881 queant

762 883 983 947 Libera
1011 885 1253 948 consilia
1281 905 1394 962 nec
1422 885 1815 946 contumeliae
1847 903 2091 967 graves,

680 967 803 1032 Sed
835 970 984 1032 alius
1015 970 1192 1032 ardor
1221 977 1328 1032 aut
1354 971 1592 1052 puellae
1616 968 1910 1031 candidae

763 1054 898 1118 Aut
925 1055 1131 1118 teretis
1159 1054 1335 1138 pueri
1359 1056 1600 1137 longam
1627 1053 1973 1117 renodantis
2002 1072 2252 1126 comam.

1092 1477 1548 1545 GARMEN
1612 1477 1819 1543 XII.

591 1818 762 1894 QUID
791 1818 899 1882 tib'i
926 1819 1038 1898 viS‚
1067 1819 1283 1884 mulier
1308 1818 1497 1902 nigris
1528 1819 1875 1903 dignissima
1897 1814 2141 1882 barris?

677 1904 936 1968 Munera
957 1903 1104 1988 quid
1124 1904 1515 1989 mihi,quidve
1544 1906 1796 1968 tabellas

588 1987 784 2052 Mittis
836 2011 948 2052 nec
978 1991 1197 2053 firmo
1167 1991 1380 2074 Juveni
1407 2011 1603 2074 neque
1634 1991 1797 2054 naris
1824 1986 2090 2053 obesae?

676 2073 956 2158 Namque
985 2077 1260 2157 sagacius
1287 2097 1443 2138 unus
1472 2074 1706 2153 odoror,

591 2157 702 2222 Pol
787 2181 856 2222 us
911 2181 987 2222 an
1016 2161 1216 2242 gravis
1243 2160 1489 2222 hirsutis
1518 2159 1697 2222 cubet
1726 2157 1973 2222 hircus
1956 2179 2021 2220 m
2048 2155 2221 2238 alin,

677 2181 872 2317 &pam
894 2245 1057 2306 canis
1087 2266 1229 2308 acer
1278 2245 1381 2307 ubi
1400 2245 1588 2307 lateat
1618 2265 1740 2307 sus.

593 2326 710 2402 Qui
739 2330 919 2392 sudor
947 2329 1120 2393 vietis
1150 2339 1213 2393 et
1240 2351 1421 2413 quam
1440 2331 1631 2392 maius
1660 2329 1923 2412 undique
1946 2325 2243 2392 membris

677 2413 912 2478 Crescit
938 2415 1104 2495 odor,-
1145 2435 1283 2478 cum
1329 2437 1489 2498 pene
1530 2415 1721 2478 soluto

587 2497 946 2562 Indomitam
975 2508 1258 2583 properat
1285 2501 1509 2563 rabiem
1540 2500 1797 2574 sedare3
1837 2519 2035 2582 neque
2064 2497 2156 2560 illi

673 2584 717 2647 J
721 2605 817 2647 am
845 2593 1046 2648 manet
1073 2586 1316 2648 humida
1343 2593 1513 2648 creta
1564 2587 1841 2667 colorque

595 2667 872 2732 Stercore
901 2671 1142 2734 fucatus
1172 2671 1472 2747 crocodili,
1494 2671 1741 2802 jamque
1771 2667 2044 2732 subando

676 2754 871 2817 Teuta
895 2755 1118 2818 ‘cubilia
1147 2763 1429 2836 tectaque
1461 2754 1719 2838 rumpit!

591 2837 714 2902 Vel
742 2859 878 2901 mea
927 2859 1068 2901 cum
1111 2841 1308 2901 saevis
1342 2841 1535 2920 agitat
1562 2839 1802 2903 fastidia
1829 2837 2065 2902 verbis:

675 2923 928 2986 Inachia
951 2924 1200 3005 langues
1230 2924 1423 2986 minus
1454 2945 1525 2986 ac
1549 2945 1690 3000 me;

589 3007 898 3072 Inachiam
929 3014 1036 3070 ter·
1049 3015 1224 3071 nocte
1255 3015 1449 3091 poteS‚
1511 3009 1653 3072 mihi
1682 3029 1919 3091 semper
1948 3005 2027 3070 ad
2054 3024 2245 3070 unum

674 3091 876 3154 Mollis
903 3113 1073 3174 opus.
1161 3093 1386 3157 Pereat
1413 3093 1567 3156 male
1620 3115 1774 3176 quae
1806 3100 1866 3156 te

589 3177 808 3240 Lesbia
862 3179 1174 3259 quaerenti
1204 3186 1443 3240 taurum
1494 3178 1847 3241 monstravit
1872 3178 2151 3262 inertem,

682 3263 838 3326 Cum
882 3262 1026 3325 mihi
1077 3262 1234 3326 Cous
1265 3264 1505 3327 adesset
1532 3263 1854 3347 Amyntas,

591 3347 776 3430 Cujus
803 3347 866 3410 in
894 3347 1178 3412 indomito
1209 3349 1573 3420 constantior
1584 3347 1835 3430 inguine
1864 3365 2087 3410 nervus

680 3432 874 3504 Quam
903 3453 1059 3496 nova
1087 3435 1332 3498 collibus
1361 3435 1539 3497 arbor
1564 3434 1859 3496 inhaeret.

591 3517 924 3580 Muricibus
953 3520 1151 3602 Tyriis
1179 3520 1432 3583 iteratae
1463 3520 1687 3580 vellera
1714 3519 1891 3580 lanae

683 3603 796 3666 Oui
824 3597 1342 3688 properabantur.
1321 3604 1348 3652 ⁶?
1437 3605 1570 3667 Tibi
1596 3623 1835 3686 nempe,

593 3688 692 3752 Ne
723 3690 879 3750 foret
909 3691 1188 3772 aequales
1217 3691 1375 3753 inter
1404 3687 1675 3767 conviva,
1704 3687 1895 3770 magis
1924 3705 2105 3770 quem

677 3773 976 3880 Diligeret
1003 3775 1216 3838 mulier
1243 3795 1354 3838 sua
1384 3795 1563 3858 quam
1592 3780 1673 3838 te.

2430 2603 2498 2652 10

2370 3028 2496 3082 ,15
