2742 4417
916 364 1043 414 Lm·
1088 364 1133 413 1.
1182 362 1402 411 EPIS'L·
1434 363 1524 411 v-1.

195 519 505 606 Improvisa
534 518 708 585 simul
739 519 971 604 species
1002 526 1272 590 exterret
1300 525 1650 601 utrumque.

196 608 455 672 Gaudeat
484 630 562 671 an
596 606 818 686 doleat,
855 606 1060 690 cupiat
1088 614 1422 683 metuatne,
1455 605 1600 688 quid
1631 604 1709 668 ad
1741 625 1892 685 rem,

195 694 253 758 Si
279 694 563 779 quidquid
594 694 743 756 vidit
770 694 985 756 melius
1015 694 1263 778 pejusve
1296 714 1408 755 sua
1435 713 1542 774 spe

192 781 403 845 Defixis
433 781 622 845 oculis
654 781 972 863 animoque
1006 786 1068 842 et
1100 801 1349 862 corpore
1384 776 1632 861 torpet?

192 867 379 932 Insani
409 869 649 951 sapiens
678 888 896 929 nomen
925 866 1105 943 ferat,
1132 886 1362 948 aequus
1394 864 1620 947 iniqui,·

198 954 354 1017 Ultra
383 976 563 1038 quam
597 954 741 1017 satis
773 960 866 1016 est
895 953 1179 1015 virtutem
1212 952 1262 1015 si
1292 959 1462 1035 petat
1492 952 1703 1034 ipsam.

83 1050 85 1081 ²
198 1040 222 1102 Ι
248 1063 417 1120 nunc,
449 1048 770 1123 argentum
802 1046 864 1101 et
894 1060 1156 1102 marmor
1186 1045 1360 1101 vetus
1393 1059 1657 1121 aeraque
1690 1043 1754 1100 et
1783 1044 1946 1100 artes

108 1204 117 1213 φ
196 1125 449 1211 Suspice,
482 1149 621 1189 cum
655 1126 904 1208 gemmis
937 1126 1151 1209 Tyrios
1180 1126 1402 1187 mirare
1434 1125 1704 1199 colores:

195 1212 388 1277 Gaude
420 1214 582 1297 quod
614 1220 893 1295 spectant
923 1212 1081 1275 oculi
1114 1218 1173 1274 te
1204 1211 1365 1274 mille
1397 1213 1743 1295 loquentem
1768 1230 1805 1284 ;-

193 1298 383 1363 Navus
414 1322 591 1363 mane
622 1300 817 1362 forum
850 1304 914 1361 et
941 1298 1320 1382 vespertinus
1350 1306 1489 1383 pete
1523 1306 1775 1375 tectum,

192 1385 277 1448 Ne
306 1389 435 1471 plus
464 1386 751 1449 frumenti
783 1386 1079 1448 dotalibus
1113 1392 1338 1467 emetat
1368 1386 1531 1467 agris

190 1472 381 1536 Mutus
412 1481 497 1549 et,
529 1472 843 1554 indignum
875 1472 1033 1554 quod
1064 1472 1164 1549 sit,
1197 1472 1498 1554 pejoribus
1539 1476 1705 1533 ortus

81 1620 83 1631 ,
190 1558 297 1622 Hic
328 1560 431 1623 tibi
464 1560 543 1621 sit
573 1560 769 1641 potius
802 1580 981 1641 quam
1014 1566 1081 1620 tu
1112 1558 1397 1620 mirabilis
1427 1558 1531 1620 illi.

192 1644 478 1729 Quidquid
508 1646 618 1708 sub
651 1654 817 1707 terra
847 1652 939 1707 est
968 1646 1029 1709 in
1063 1636 1331 1728 apricum
1365 1646 1632 1729 proferet
1663 1648 1869 1718 aetas3

79 1734 81 1737 ’
188 1730 455 1795 Defodiet
485 1732 826 1814 condetque
856 1731 1128 1794 nitentia.
1222 1730 1376 1793 Cum
1409 1732 1799 1793 bene·notum
1869 1749 1873 1753 ·

188 1818 447 1881 Porticus
478 1818 793 1901 Agrippae
833 1826 897 1879 et
925 1819 1023 1879 via
1052 1826 1113 1879 te
1147 1818 1528 1900 conspexerit
1557 1817 1744 1899 Appi,

188 1903 277 1967 Ire
306 1914 503 1968 tamen
538 1912 727 1967 resta-t
759 1904 963 1966 Numa-
993 1926 1112 1987 quo
1145 1904 1391 1966 devenit
1421 1912 1484 1966 et
1516 1905 1744 1966 Ancus.

79 2002 81 2007 '
193 1988 248 2053 Si
273 1994 424 2055 latus
456 1999 565 2054 aut
595 2010 769 2062 renes
802 1992 1003 2053 morbo
1037 1998 1349 2053 tentantur
1379 1998 1558 2053 acuto

77 2143 79 2145 ,
190 2076 406 2151 Quaere
437 2079 645 2161 fugam
675 2078 881 2141 morbi.
974 2077 1088 2140 Vis
1120 2085 1285 2140 recte
1318 2078 1521 2139 vivere
1551 2098 1566 2138 ε
1615 2076 1748 2159 quis
1777 2069 1945 2136 non?

77 2166 79 2173 ‘
192 2161 248 2226 Si
276 2166 455 2228 virtus
485 2166 598 2227 hoc
630 2186 754 2231 una
780 2172 979 2247 potest
1007 2164 1176 2240 dare,
1207 2164 1379 2227 fortis
1410 2162 1638 2226 omissis
1726 2236 1730 2239 ⁵

190 2248 308 2314 Hoc
340 2274 449 2335 age
482 2251 730 2313 deliciis·
821 2251 1132 2313 Virtutem
1163 2252 1347 2314 verba
1385 2258 1560 2334 putas
1591 2258 1660 2311 ut

189 2334 398 2400 Lucum
425 2338 629 2423 ligna-t
680 2359 827 2400 cave
858 2359 935 2399 ne
968 2345 1175 2421 portus
1206 2345 1463 2421 occupet
1493 2338 1670 2414 alter,

190 2421 275 2485 Ne
307 2424 671 2508 Cibyratica,
701 2445 778 2486 ne
810 2424 1080 2508 Brtuyna
1109 2425 1352 2507 negotia
1383 2424 1602 2507 perdas
1627 2443 1643 2497 ;

190 2506 339 2573 Mille
370 2513 597 2574 talenta
627 2511 1049 2590 rot-nudentur,
1083 2512 1331 2574 totidem
1366 2512 1578 2587 altera,
1613 2529 1788 2592 porro
1820 2512 1884 2571 et

191 2594 372 2660 Tertia
400 2598 737 2683 succedant·
763 2603 825 2660 et
854 2618 1009 2681 quae
1042 2618 1181 2681 pars
1214 2598 1474 2681 quadret
1505 2616 1806 2659 acervum.

194 2679 416 2747 Scilicet
444 2706 691 2747 uxorem
726 2706 861 2746 cum
893 2684 1033 2745 dote
1064 2684 1367 2767 fidemque
1401 2690 1464 2749 et
1497 2682 1718 2745 amicos

192 2765 264 2830 Et
289 2790 468 2852 genus
498 2779 562 2834 et
592 2771 841 2833 formam
872 2771 1083 2853 regina
1116 2770 1386 2833 Pecunia
1417 2770 1623 2846 donat,

190 2855 274 2917 Ac
302 2857 444 2919 bene
476 2865 850 2920 nummatum
883 2857 1131 2919 decorat
1165 2856 1432 2919 Suadela
1461 2855 1819 2938 Venusque.

190 2936 485 3027 Mancipiis
516 2945 780 3026 locuples
813 2950 956 3025 eget
986 2943 1140 3006 aeris
1174 2942 1599 3026 Cappadocum
1635 2964 1744 3004 rex
1765 2964 1800 3003 z·

192 3025 275 3091 Ne
301 3030 478 3093 fueris
507 3030 604 3093 hic
638 3038 723 3092 tu.
818 3028 1182 3115 Chlamydes
1214 3030 1526 3107 LuculluS,
1561 3038 1628 3091 ut
1659 3029 1829 3091 aiunt
1878 3031 1896 3099 ,‘

195 3111 249 3176 Si
276 3125 462 3198 posset
492 3125 736 3180 centum
768 3138 983 3179 scenae
1020 3116 1307 3201 praebere
1340 3123 1610 3199 rogatuS‚
1839 3074 1880 3226 Γ

2144 342 2268 407 189

2205 1310 2268 1360 20

2195 3046 2258 3095 40

192 3204 224 3235 ‘⁶
249 3201 353 3274 Qui
383 3225 621 3287 possum
652 3210 741 3265 tot
763 3202 788 3265 ἱ)
809 3204 847 3233 ”
883 3203 1006 3278 ait3
1056 3208 1094 3238 “
1120 3211 1321 3265 tamen
1353 3211 1418 3265 et
1451 3222 1734 3286 quaeram
1766 3208 1828 3263 et
1852 3172 1998 3285 quot
2027 3198 2258 3267 habebo

191 3284 402 3351 Mittam
424 3314 439 3352 :
458 3291 498 3320 '’
548 3296 683 3373 post
712 3290 889 3372 paulo
921 3290 1128 3353 scribit
1159 3290 1269 3351 sibi
1300 3290 1484 3352 millia
1515 3290 1778 3372 quinque

193 3371 320 3438 Esse
350 3376 506 3439 domi
536 3376 923 3461 chlamydum
950 3396 965 3452 ;
1012 3385 1247 3459 partem
1283 3378 1378 3439 vel
1412 3377 1650 3438 tolleret
1682 3372 1908 3437 omnes}

194 3457 354 3525 Exilis
382 3462 590 3525 domus
623 3478 716 3526 est
746 3463 847 3525 ubi
876 3484 997 3527 nou
1027 3470 1089 3524 et
1117 3463 1308 3525 multa
1338 3468 1662 3545 supersunt

77 3584 79 3589 ·
194 3543 264 3607 Et
289 3546 577 3611 dominum
608 3549 825 3611 fallunt
859 3556 923 3612 et
952 3556 1201 3632 prosunt
1230 3549 1482 3611 furibus.
1578 3547 1763 3631 Ergo,

77 3652 79 3655 ’
198 3628 251 3693 Si
275 3646 367 3697 res·
390 3637 514 3699 sola
544 3643 744 3719 potest
773 3636 975 3698 facere
1008 3642 1070 3698 et
1100 3656 1343 3698 servare
1376 3636 1638 3710 beatum,

195 3713 307 3782 Hoc
336 3723 555 3804 primus
585 3729 826 3804 repetas
857 3743 1029 3805 opuS,
1059 3722 1172 3784 hoc
1204 3729 1540 3805 postremus
1572 3720 1830 3783 omittas.

198 3800 251 3865 Si
276 3806 634 3871 fortunatum
667 3808 899 3891 species
930 3816 993 3871 et
1028 3808 1227 3891 gratia
1255 3804 1547 3891 praestat,
1665 3862 1671 3871 .

195 3886 507 3957 Mercemur
534 3915 777 3959 servum
810 3895 915 3981 qui
944 3894 1136 3958 dictet
1164 3895 1425 3975 nomina,
1453 3894 1695 3957 laevum

2191 3477 2342 3527 45-
