2742 4417
309 338 334 355 ·
427 330 510 394 66
1289 348 1639 397 mmmm

850 499 1072 585 Neque
1101 501 1273 585 segni
1301 502 1457 586 pede
1488 502 1683 567 victus
1708 522 1728 579 ;

513 584 704 650 Catus
732 586 894 650 idem
926 608 1037 671 per
1063 595 1338 671 apertum
1366 588 1670 671 fugientes
1698 588 1925 671 agitato

511 670 718 756 Grege
745 692 957 737 cervos
975 672 1236 757 jaculari
1287 681 1351 737 et
1380 675 1544 737 celer
1570 675 1693 737 alto
1719 673 2058 739 latitantem

521 768 525 771 ’
850 757 1164 823 Frutieeto
1190 758 1469 845 excipere
1498 779 1734 845 aprum.

1067 1180 1530 1249 GARMEN
1588 1181 1861 1249 XIII.

768 1524 825 1590 Ο
854 1538 1014 1589 Fons
1043 1523 1414 1603 Bandusiae,
1444 1522 1811 1607 splendidior
1836 1524 2017 1605 vitro,

762 1610 947 1677 Dulci
975 1610 1156 1693 digne
1185 1630 1350 1673 mero
1380 1630 1501 1671 non
1530 1609 1657 1672 sine
1682 1610 1949 1691 fioribus,

851 1695 1002 1761 Cras
1029 1696 1346 1759 donaberis
1372 1693 1568 1758 haedo

937 1781 1054 1846 Cui
1081 1782 1248 1844 frons
1277 1779 1523 1863 turgida
1552 1780 1829 1844 cornibus

763 1866 984 1932 Primis
1021 1874 1086 1932 et
1127 1886 1411 1930 venerem
1441 1872 1505 1928 et
1531 1866 1759 1949 proelia
1787 1864 2094 1943 destinam

760 1952 1052 2019 Frustra:
1095 1972 1237 2015 nam
1267 1950 1496 2033 gelidos
1524 1951 1753 2014 inficiet
1776 1951 1887 2013 tibi

847 2038 1058 2103 Rubro
1085 2038 1377 2119 sanguine
1408 2036 1567 2100 rivos

935 2121 1174 2186 Lascivi
1201 2122 1436 2186 suboles
1460 2120 1683 2205 gregis.
2050 2170 2061 2179 .

763 2207 852 2273 Te
879 2207 1187 2291 flagrantis
1215 2214 1388 2271 atrox
1416 2208 1563 2271 hora
1592 2205 1917 2271 Caniculae

759 2293 979 2358 Nescit
1005 2299 1280 2377 tangere,
1309 2300 1381 2355 tu
1407 2293 1600 2376 frigus
1626 2292 1879 2357 amabile

761 2402 766 2405 ·
845 2378 1048 2444 Fossis
1076 2400 1317 2446 vomere
1343 2379 1533 2442 tauris

934 2463 1202 2528 Praebes
1257 2471 1322 2528 et
1349 2462 1553 2548 pecori
1584 2483 1760 2546 vago.

759 2548 902 2615 Res
929 2550 1226 2624 nobilium,
1245 2556 1312 2613 tu
1341 2569 1579 2633 quoque
1607 2548 1883 2627 fontium,

759 2634 868 2701 Me
899 2636 1136 2700 dicente
1170 2636 1332 2699 cavis
1363 2633 1701 2719 impositam
1730 2633 1931 2698 ilicem

852 2719 1050 2799 Saxis,
1084 2721 1245 2784 unde
1275 2722 1559 2803 loquaces

933 2804 1246 2892 Lymphae
1277 2805 1562 2869 desiliunt
1588 2811 1753 2870 tuae.

1089 3229 1553 3296 GARMEN
1608 3228 1833 3341 XIV.

1716 3397 1751 3451 ‘Q

611 3620 664 3633 ..
767 3574 1104 3640 HERCULIS
1133 3571 1255 3655 rit-u
1281 3571 1458 3637 modo
1488 3570 1707 3651 dictus,
1746 3592 1783 3636 o
1824 3570 2023 3657 plebs,

764 3660 966 3723 Morte
997 3648 1268 3723 venal'em
1297 3658 1541 3741 petiisse
1568 3658 1805 3721 laurum

770 3745 998 3811 Caesar
1025 3744 1302 3826 Hispana
1327 3743 1551 3827 repetit
1578 3748 1833 3827 penates

1109 3828 1328 3895 Vicbor
1353 3829 1430 3893 ab
1460 3848 1585 3893 ora.

1285 4255 1393 4391 'N

2448 609 2515 661 m

2444 2311 2515 2363 10
