2742 4417
1561 162 1616 201 Ο

694 372 1135 420 EPISTOLARUM
1179 372 1310 418 LIB.
1356 374 1434 419 11.
1483 373 1682 420 EPIST.
1729 372 1780 421 Ι.

200 526 305 591 Sic
340 528 531 590 fautor
556 533 833 590 veterum
883 534 954 590 ut
982 528 1215 590 tabulas
1248 548 1499 611 peccare
1532 534 1808 593 vetantes

196 612 370 685 Quas
398 614 483 675 bis
511 614 774 695 quinque
806 613 917 676 riri
946 621 1293 691 sanxerunt,
1323 613 1571 676 foedera
1596 635 1809 697 regum

192 698 320 761 Vel
358 698 557 763 Gabiis
590 700 684 761 vel
715 721 851 768 cum
881 698 1089 781 rigidis
1118 707 1376 781 aequata
1412 697 1670 779 Sabinis,

192 784 556 855 Pontificum
582 785 784 861 libros,
816 804 1041 847 annosa
1070 784 1367 847 volumina
1397 792 1624 867 vatum,

192 870 454 933 Dictitet
484 871 720 932 Albano
751 869 963 933 Musas
992 870 1055 931 in
1086 876 1283 932 monte
1313 870 1565 932 locutas.

197 954 264 1017 Si
326 956 462 1039 quia
495 956 865 1019 Graecorum
896 962 1037 1018 sunt
1064 954 1476 1037 antiquissima
1505 975 1782 1039 quaeque

196 1040 439 1124 Scripta
468 1043 562 1103 vel
593 1041 815 1125 optima
868 1040 1122 1104 Romani
1151 1048 1480 1123 pensantur
1509 1041 1722 1105 eadem

196 1125 535 1209 Scriptores
564 1128 813 1205 trutina,
842 1148 961 1189 non
990 1133 1084 1189 est
1112 1126 1273 1209 quod
1302 1127 1494 1189 multa
1521 1127 1874 1211 loquamur3

192 1212 303 1275 Nil
334 1213 487 1276 intra
521 1220 613 1275 est
641 1214 855 1291 oleam,
884 1211 970 1276 nil
1002 1218 1178 1277 extra
1206 1219 1302 1277 est
1329 1213 1395 1277 in
1424 1233 1582 1276 nuce
1615 1212 1754 1276 duri
1779 1232 1798 1291 ;

192 1295 487 1361 Venimus
520 1298 600 1360 ad
629 1318 922 1361 summum
950 1299 1260 1371 fortunae;
1281 1298 1582 1381 pingimus
1611 1306 1795 1383 atque

192 1382 509 1447 Psallimus
540 1390 603 1446 et
630 1385 929 1447 luctamur
960 1383 1214 1447 Achivis
1245 1384 1478 1447 doctius
1507 1385 1724 1449 unctis.

198 1467 266 1530 Si
298 1471 541 1532 meliora
570 1468 699 1533 dies
751 1477 822 1532 ut
850 1470 989 1532 vina
1039 1468 1567 1552 poematareddit,

196 1552 367 1617 Scire
396 1555 573 1617 velim
613 1552 843 1619 chartis
869 1554 1135 1643 pretium
1166 1565 1383 1638 quotus
1413 1560 1658 1637 arroget
1685 1574 1896 1633 annus.

194 1639 465 1723 Scriptor
517 1641 731 1704 abhinc
761 1660 947 1704 annos
976 1649 1218 1704 centum
1249 1641 1353 1723 qui
1385 1640 1608 1704 decidit
1656 1641 1819 1706 inter

190 1726 506 1789 Pei-sectos
536 1734 890 1809 veteresque
920 1726 1133 1789 referri
1164 1726 1367 1805 debet,
1399 1748 1477 1791 an
1515 1727 1675 1790 inter

196 1811 364 1875 Viles
394 1820 575 1895 atque
602 1812 830 1875 novos?
920 1812 1224 1875 Excludat
1242 1813 1450 1896 jurgia
1482 1812 1637 1875 finis,

190 1896 307 1961 Est
338 1904 508 1961 vetus
539 1908 721 1981 atque
752 1898 971 1981 probus
1012 1906 1266 1961 centum
1297 1899 1400 1981 qui
1429 1898 1664 1981 perficit
1693 1918 1899 1964 annos·

191 1981 374 2063 Quid,
404 1984 508 2067 qui
539 1984 794 2067 deperiit
822 1985 1013 2047 minor
1041 2005 1160 2046 uno
1190 2005 1394 2046 mense
1425 1985 1522 2046 vel
1557 2005 1734 2065 ann0‚

187 2069 363 2132 Inter
392 2090 540 2153 quos
571 2070 922 2133 referendus
952 2070 1068 2133 erit
1093 2068 1120 2131 ’ἒ
1166 2080 1481 2133 veteresne
1524 2071 1754 2153 poi-itae,

188 2155 293 2217 An
324 2176 471 2239 quos
500 2162 563 2218 et
591 2177 874 2243 praesens
904 2164 968 2219 et
998 2163 1237 2238 postera
1264 2161 1512 2237 respuat
1539 2154 1754 2219 aetas?

187 2240 318 2303 Iste
348 2241 589 2324 quidem
620 2250 855 2305 veteres
888 2243 1046 2304 inter
1073 2248 1329 2325 ponetur
1356 2242 1602 2304 honeste

188 2326 307 2399 Qui
341 2328 433 2389 vel
464 2349 665 2391 mense
696 2328 864 2390 brevi
894 2328 991 2391 vel
1024 2335 1147 2390 toto
1176 2335 1269 2389 est
1290 2327 1496 2411 junior
1525 2348 1700 2391 anno.

188 2412 347 2475 Utor
390 2413 675 2496 permisso
728 2414 1077 2496 caudaeque
1109 2413 1257 2497 pilos
1286 2420 1355 2475 ut
1385 2413 1639 2496 equinae

160 2497 512 2580 ·Paullatim
544 2500 694 2561 vello
748 2508 813 2561 et
840 2499 1012 2562 demo
1042 2520 1250 2575 unum,
1282 2498 1456 2561 demo
1472 2508 1537 2562 et
1556 2501 1703 2562 item
1719 2520 1928 2582 unum,

188 2582 351 2645 Dum
384 2584 564 2647 cadat
594 2586 793 2647 elusus
823 2586 1053 2648 ratione
1084 2586 1313 2647 ruentis
1343 2584 1545 2647 acervi

188 2668 305 2741 Qui
340 2669 496 2732 redit
524 2671 585 2732 in
610 2671 791 2733 fastos
844 2678 909 2733 et
937 2671 1220 2733 virtutem
1250 2669 1526 2733 aestimat
1561 2671 1755 2752 anniS,
1865 2702 1874 2708 ·

188 2755 568 2839 Miraturque
598 2757 745 2818 nihil
772 2756 886 2819 nisi
916 2756 1076 2839 quod
1107 2756 1370 2818 Libitina
1399 2758 1677 2819 sacravit.

186 2840 420 2904 Ennius
447 2849 538 2903 -et
564 2842 799 2925 sapiens
830 2851 893 2905 et
914 2842 1093 2905 ‘fortis
1144 2849 1208 2904 et
1237 2842 1391 2904 alter
1421 2841 1745 2923 Homerus,

187 2926 273 2990 Ut
303 2926 496 3013 critici
528 2926 759 3004 dicunt,
788 2928 1005 3009 leviter
1032 2948 1244 2991 curare
1276 2928 1518 2991 videtur

189 3011 323 3084 Quo
354 3012 639 3095 promissa
669 3012 889 3077 cadant
916 3021 981 3079 et
1009 3006 1235 3077 somni'a
1263 3012 1670 3098 Pythagorea.

188 3096 459 3161 Naevius
488 3099 549 3160 in
579 3099 851 3161 manibus
881 3120 999 3162 non
1028 3107 1122 3161 est
1150 3104 1215 3161 et
1241 3100 1540 3162 mentibus
1569 3100 1782 3163 haeret

188 3183 355 3253 Pene
386 3182 647 3247 recens?
674 3183 848 3247 Adeo
875 3192 1148 3248 sanctum
1178 3191 1272 3247 est
1300 3192 1474 3249 vetus
1503 3206 1676 3249 omne
1707 3190 1940 3269 poema.

186 3269 531 3351 Ambigitur
562 3269 835 3353 quotiens
865 3281 1005 3332 uter
1032 3278 1170 3331 utro
1199 3270 1280 3331 sit
1306 3270 1491 3352 prior,
1523 3275 1737 3343 aufert

189 3354 488 3417 Pacuvius
518 3355 676 3435 docti
706 3356 926 3418 famam
955 3356 1135 3432 senis3
1169 3354 1377 3418 Aecus
1407 3355 1535 3433 alti,

190 3440 429 3503 Dicitur
458 3441 673 3503 Afrani
705 3451 847 3523 toga
878 3441 1225 3503 convenisse
1262 3440 1624 3518 Menandro,

191 3524 441 3597 Plautus
472 3526 548 3588 ad
580 3527 885 3609 exemplar
916 3525 1102 3590 Siculi
1134 3547 1454 3609 properare
1488 3526 1853 3608 Epicharmi,

190 3610 451 3673 Vincere
485 3610 783 3674 Caecilius
814 3612 1133 3694 gravitate,
1165 3612 1482 3674 Terentius
1513 3622 1666 3675 arte.

190 3695 319 3759 Hos
350 3696 563 3759 ediscit
590 3705 652 3759 et
682 3686 799 3760 hos·
818 3706 948 3761 arto
977 3697 1199 3781 stipata
1228 3698 1464 3759 theatro

193 3780 442 3865 Spectat
474 3782 665 3845 Roma
693 3792 930 3866 potens;
951 3784 1131 3845 habet
1160 3784 1267 3845 hos
1295 3788 1692 3864 numeratque
1724 3784 1930 3866 poetas
2007 3796 2020 3806 ·

188 3868 287 3930 Ad
318 3875 587 3931 nostrum
618 3878 853 3953 tempus
870 3864 1018 3932 'Livi
1046 3869 1349 3953 scriptoris
1379 3869 1454 3931 ab
1495 3888 1664 3931 aevo·

2151 358 2270 422 211

2203 2008 2270 2057 40

2203 2437 2288 2511 45·

2203 3292 2264 3339 55
