2742 4417
493 332 584 397 74-

561 1575 718 1654 xss',

1363 348 1714 400 nmmum
1780 402 1787 405 .

1003 502 1266 567 Mollivit
1292 524 1535 568 aversos
1561 505 1827 571 Penates

1087 588 1278 653 Farre
1308 589 1408 675 pio
1436 597 1501 654 et
1527 592 1777 657 saliente
1803 592 1983 659 mica.

1928 726 2287 1061 W

1067 1006 1526 1075 CARMEN
1597 1008 1751 1077 XX
1771 1011 1906 1079 IV.

784 1384 794 1391 ·
916 1352 1221 1417 Imm-ns
1250 1351 1587 1437 opulentior

831 1437 1153 1503 Thesauris
1180 1374 1455 1503 Arabum
1484 1444 1550 1501 et
1576 1437 1777 1503 divitis
1805 1438 2018 1507 Indiae

921 1523 1262 1589 Caementis
1289 1524 1453 1588 licet
1448 1544 1719 1607 occupes

829 1608 1210 1708 Tyrrhenum
1238 1631 1412 1673 omne
1442 1609 1563 1673 tuis
1592 1616 1657 1673 et
1682 1630 1851 1674 mare
1877 1609 2231 1702 Apulicum‚

919 1694 987 1759 Si
1013 1695 1118 1778 figl
1098 1694 1146 1757 t
1172 1694 1581 1758 adamantinos

833 1779 1094 1846 Summis
1121 1781 1445 1845 verticibus
1476 1780 1607 1844 dira
1634 1778 1985 1847 Necessitas

919 1866 1158 1943 clavos,
1187 1887 1307 1929 non
1335 1866 1597 1929 animum
1624 1872 1814 1946 metu,

827 1951 972 2017 Non
995 1951 1204 2015 mortis
1231 1951 1461 2035 laqueis
1492 1950 1774 2033 expedies
1804 1958 2009 2037 caput.

918 2035 1300 2119 Campestres
1327 2036 1540 2101 melius
1565 2034 1833 2121 Scythae

829 2119 1098 2197 Quorum
1125 2124 1394 2205 plaustra
1422 2142 1609 2205 vagas
1635 2122 1752 2186 rite
1784 2123 2035 2189 trahunt
2060 2122 2291 2192 domos

917 2206 1176 2289 Vivunt,
1205 2214 1271 2272 et
1297 2208 1479 2291 rigidi
1508 2207 1703 2273 Getae

825 2291 1150 2359 Immetata
1177 2294 1441 2377 quibus
1412 2314 1635 2378 Jugera
1661 2292 1882 2358 liberas

913 2377 1152 2461 Fruges
1180 2386 1245 2443 et
1273 2378 1561 2443 Cererem
1588 2378 1813 2459 ferunt,

827 2463 966 2530 Nec
995 2464 1234 2532 cultura
1261 2465 1461 2549 placet
1488 2463 1720 2547 longior
1747 2485 2019 2547 annua,-

912 2550 1403 2634 Defunctumque
1432 2550 1733 2613 laboribus

824 2635 1090 2719 Aequali
1117 2643 1356 2700 recreat
1384 2642 1543 2699 sorte
1574 2635 1853 2701 vicarius.

911 2720 1046 2785 Illic
1073 2728 1267 2785 matre
1298 2721 1641 2785 carentibus

825 2804 1128 2889 Privignis
1154 2807 1368 2871 mulier
1397 2813 1691 2890 temperat
1719 2806 2027 2888 innocens,

908 2890 976 2954 N
977 2912 1048 2955 ec
1077 2890 1284 2955 dotata
1310 2893 1470 2975 regit
1496 2892 1690 2955 virum

823 2976 1060 3061 Conjux
1109 2997 1222 3041 nec
1251 2976 1439 3041 nitido
1465 2978 1599 3042 fidit
1632 2976 1927 3043 adultero.

908 3063 1036 3127 Do's
1065 3069 1158 3125 est
1185 3083 1407 3145 magna
1434 3062 1770 3147 parentium

820 3146 1039 3214 ‘Virtus
1091 3153 1156 3211 et
1183 3158 1459 3213 metuens
1486 3148 1734 3212 alterius
1760 3146 1873 3211 viri
1934 3200 1939 3205 .

911 3232 1094 3297 Certo
1116 3233 1360 3299 foedere
1392 3233 1681 3311 castitas;

815 3317 904 3383 Et
909 3340 1227 3488 (peccare
1212 3319 1385 3383 nefas
1436 3326 1545 3382 aut
1571 3317 1829 3419 pretium
1858 3322 1952 3381 est
1977 3316 2152 3382 mori.

823 3426 1076 3555 Caedes1
1077 3426 1169 3555 Ἐξ
1169 3403 1948 3568 Ἑῦἑῖἒιθὲἷῖὲξῗῖινωω,

907 3574 976 3639 Si
1003 3584 1257 3659 quaeret
1285 3576 1508 3641 PATER
1536 3591 1795 3639 mmmm

695 3682 727 3689 ··
746 3671 772 3753 ᾖ
819 3597 1128 3726 Subscribi
1157 3662 1395 3742 statuis,
1425 3653 1773 3725 indomitam
1802 3659 2026 3725 audeat

906 3746 1241 3812 Refrenare
1268 3747 1595 3825 licentiam,

820 3829 1036 3896 Clarus
1064 3826 1461 3919 postgenitis·
1444 3882 1463 3913 ,
1499 3837 1821 3917 quatenus,
1842 3830 1967 3895 heu
1992 3827 2201 3896 nefas!
