2742 4417
887 364 894 370 -
1011 336 1142 383 m.
1190 336 1239 383 1.
1287 336 1485 383 οΑΒΜ.
1535 337 1658 383 vn.
2332 321 2375 380 '1

631 490 874 555 Laudes
905 492 1135 575 egregii
1167 489 1443 555 Caesaris
1474 498 1537 555 et
1566 498 1701 556 tuas

527 603 594 625 ⁶
619 579 637 643 Ι
653 574 674 643 Ι
714 576 908 659 Culpa
937 578 1214 640 deterere
1243 578 1469 661 ingeni.

632 661 782 736 Quis
817 662 1080 725 Martem
1108 663 1314 727 tunica
1343 671 1573 726 tectum
1602 662 2010 738 adamantina·

625 748 828 831 Digne
861 749 1168 831 scripserit
1195 755 1304 813 aut
1334 751 1586 832 pulvere
1617 749 1835 815 Troico

623 834 887 917 Nigrum
915 833 1232 898 Merionen
1259 843 1366 900 aut
1396 856 1510 919 ope
1543 834 1812 901 Palladis
2309 857 2371 906 15

709 919 991 1003 Tydiden
1021 920 1254 1004 superis
1284 942 1492 1004 parem
1517 920 1545 983 ’ἓ

621 1002 755 1067 Nos
785 1006 1078 1085 convivia,
1107 1026 1217 1070 nos
1243 1007 1472 1090 proelia
1500 1004 1798 1089 virginum
1834 1050 1847 1059 ·
1974 1034 1979 1037 ·

621 1078 822 1154 Sectis
851 1092 914 1153 in
933 1092 1193 1175 juvenes
1223 1092 1527 1175 unguibus
1556 1092 1786 1155 acrium

620 1174 954 1239 Cantamus
985 1176 1176 1256 vacui,
1191 1177 1316 1241 sive
1347 1177 1496 1261 quid
1525 1178 1757 1241 urimur

704 1261 766 1325 Ν
771 1284 848 1325 on
877 1269 1122 1347 praeter
1138 1264 1387 1328 solitum
1414 1264 1601 1328 leves.
2300 1282 2367 1332 ω

956 1689 1430 1757 CARMEN
1482 1690 1697 1758 VII.

1769 1752 2149 1819 ·············

1018 1945 1055 1959 Nu·

433 2034 837 2101 Lamnum
865 2033 965 2097 alii
996 2034 1220 2097 claram
1251 2034 1508 2098 Rhodon
1561 2040 1669 2099 aut
1697 2034 2041 2123 Mytilenen

519 2121 656 2184 Aut
685 2122 968 2206 Epheson
1019 2120 1335 2184 bimarisve
1370 2119 1641 2185 Corinthi
2174 2172 2185 2183 .

431 2198 679 2271 Moenia
730 2208 830 2271 vel
858 2206 1104 2269 Baccho
1136 2206 1372 2269 Thebas
1396 2260 1403 2267 .
1424 2208 1522 2269 vel
1552 2207 1835 2292 Apolline
1864 2206 2151 2293 Delphos·
2236 2196 2269 2221 ⁶

517 2293 798 2377 Insignes
853 2301 960 2356 aut
987 2293 1276 2355 Thessala
1304 2293 1552 2376 Tempe.

433 2376 593 2443 Sunt
643 2380 860 2463 quibus
889 2386 1254 2462 unum‘opus
1287 2385 1383 2441 est
1408 2378 1672 2442 intactae
1702 2375 1970 2443 Palladis
1999 2379 2211 2445 urbem
2308 2397 2346 2447 5

515 2463 796 2528 Carmine
827 2471 1118 2548 perpetuo
1152 2465 1459 2527 celebrare
1491 2472 1555 2527 et

427 2548 712 2634 Undique
743 2551 1091 2634 decerptam
1119 2549 1301 2613 fronti
1330 2569 1699 2634 praeponere
1729 2549 1967 2614 olivam.

511 2635 816 2699 Plurimus
844 2637 907 2699 in
934 2635 978 2698 J
982 2636 1193 2698 unonie
1214 2636 1498 2699 honorem

425 2720 662 2805 Aptum
693 2722 840 2785 dicit
868 2722 1039 2806 equis
1070 2722 1273 2803 Argos
1326 2721 1601 2805 ditesque
1632 2720 1950 2805 Mycenas.

510 2808 618 2871 Me
648 2830 762 2871 nec
793 2816 918 2871 tam
946 2808 1182 2891 patiens
1213 2806 1630 2871 Lacedaemon
2279 2828 2342 2878 ιο

420 2892 560 2957 Nec
593 2901 716 2957 tam
747 2893 1022 2957 Larissae
1054 2893 1350 2977 percussit
1380 2913 1624 2977 campus
1652 2892 1910 2977 opimae,

511 2976 707 3053 Quam
737 2979 946 3042 domus
973 2979 1294 3041 Albuneae
1323 2980 1657 3043 resonantis

421 3062 508 3128 Et
535 3086 826 3149 praeceps
856 3062 1018 3128 Anio
1071 3084 1142 3127 ac
1172 3064 1421 3128 Tiburni
1449 3065 1619 3129 lucus
1672 3070 1737 3128 et
1761 3061 1887 3137 uda

506 3148 830 3214 Mobilibus
859 3150 1126 3234 pomaria
1152 3150 1316 3213 rivis.

417 3233 618 3299 Albus
649 3244 718 3299 ut
747 3238 1001 3300 obscuro
1031 3235 1311 3319 deterget
1337 3234 1543 3299 nubila
1571 3238 1739 3301 caelo
2274 3258 2338 3307 15

510 3318 706 3406 Saepe
736 3322 946 3385 Notus
990 3342 1186 3405 neque
1218 3320 1479 3405 parturit
1504 3322 1724 3386 imbres

418 3404 750 3490 Perpetu0,
808 3408 892 3472 sic
923 3414 992 3471 tu
1021 3408 1259 3491 sapiens
1287 3408 1459 3471 finire
1492 3412 1791 3471 memento

503 3492 833 3557 Tristitiam
863 3494 1144 3576 vitaeque
1174 3493 1408 3555 labores
1777 3567 1790 3581 ⁶

415 3574 612 3656 Molli,
645 3578 893 3654 Plance,
921 3600 1108 3657 mero,
1138 3600 1247 3641 seu
1278 3586 1339 3641 te
1370 3578 1665 3661 fulgentia
1693 3576 1880 3661 signis

503 3662 722 3727 Castra
749 3672 980 3744 tenent,
1011 3684 1120 3729 seu
1149 3665 1338 3728 densa
1367 3666 1596 3727 tenebit
2226 3708 2230 3713 v
2263 3683 2329 3734 20

413 3748 650 3813 Tiburis
681 3752 893 3815 umbra
921 3750 1028 3813 tui.
1119 3750 1355 3813 Teucer
1389 3748 1693 3815 Salamina
1720 3756 2073 3837 patremque

507 3836 664 3903 Cum
707 3837 954 3922 fugeret
999 3846 1204 3902 tamen
1242 3835 1364 3899 uda
1393 3834 1599 3921 Lyaeo
