2742 4417
385 344 391 352 ’
471 354 595 417 212
954 396 963 403 -
988 366 999 371 ’
1282 366 1728 417 ΕΡιετοιιΑιιιιιι

468 522 783 586 Interdum
815 523 1029 623 vulgus
1058 529 1291 587 rectum
1320 523 1510 601 videt,
1542 528 1637 586 est
1664 521 1770 586 ubi
1799 526 2032 609 peccat.

472 608 537 671 Si
569 617 803 671 veteres
833 610 918 672 ita
946 610 1199 671 miratur
1224 609 1552 692 laudatque
1587 609 1798 691 poetas

468 694 562 757 Ut
590 695 737 757 nihil
766 695 1085 773 anteferat,
1114 694 1259 757 nihil
1301 694 1417 757 illis
1423 699 1777 793 ‘comparem
1809 699 2016 757 errat·
2001 743 2015 757 .

471 778 536 842 Si
566 780 861 863 quaedam
890 780 1063 843 nimis
1095 781 1361 879 antique,
1393 780 1442 842 si
1471 780 1757 863 pleraque
1793 779 1945 843 dure

466 802 687 928 Dicobre
719 865 914 928 credit
943 887 1066 945 eoa,
1095 866 1311 947 ignave
1340 866 1532 928 multa
1564 865 1813 943 fatetur,

468 951 551 1013 Et
578 952 736 1034 sapit
788 959 851 1014 et
879 972 1112 1014 mecum
1141 951 1289 1014 facit
1340 957 1404 1013 et
1431 950 1587 1013 Jove
1607 951 1844 1034 judicat
1874 971 2087 1034 aequo.

403 1030 411 1039 ”
466 1036 607 1099 Νοιι
639 1037 917 1119 equidem
944 1037 1205 1099 insector
1234 1035 1610 1119 delendaque
1641 1037 1905 1099 carmina
1934 1036 2068 1099 Livi

466 1122 618 1185 Esse
649 1143 806 1201 reor,
834 1122 1075 1184 memini
1105 1142 1261 1205 quae
1290 1122 1601 1205 plagosum
1627 1123 1770 1184 mihi
1800 1142 1985 1206 parvo

469 1205 761 1269 Orbilium
791 1208 1059 1285 dictare3
1104 1208 1213 1270 sed
1243 1208 1562 1271 emendata
1589 1208 1779 1270 videri

466 1291 846 1376 Pulchraque
880 1299 943 1355 et
966 1294 1193 1357 exactis
1222 1294 1526 1355 minimum
1557 1292 1840 1357 distantia
1867 1292 2086 1355 miror·
2071 1337 2090 1368 ,

465 1377 637 1440 Inter
665 1400 820 1461 quae
851 1379 1101 1442 verbum
1130 1378 1373 1442 emicuit
1401 1379 1453 1441 si
1481 1380 1634 1442 forte
1667 1378 1970 1459 decorum,
2001 1388 2068 1447 et

469 1462 535 1526 Si
565 1485 775 1528 versus
803 1465 1001 1548 paullo
1032 1465 1373 1527 concinnior
1397 1484 1568 1527 unus
1598 1471 1662 1527 et
1689 1466 1908 1560 alter,

465 1549 697 1633 Injuste
730 1557 920 1613 totum
949 1549 1117 1613 ducit
1146 1550 1468 1633 venditque
1499 1570 1734 1632 poema.

444 1635 757 1718 ‘Indignor
785 1635 1106 1719 quidquam
1133 1635 1515 1721 reprehendi,
1536 1657 1657 1698 non
1690 1634 1832 1719 quia
1859 1653 2060 1696 crasse

468 1721 870 1806 Compositum
899 1722 1215 1821 illepideve
1245 1726 1514 1805 putetur,
1543 1722 1651 1784 sed
1681 1722 1823 1805 quia
1849 1738 2086 1818 nuper3

466 1806 601 1870 Nec
633 1808 865 1870 veniam
896 1808 1156 1891 antiquis
1209 1807 1317 1870 sed
1345 1808 1630 1870 honorem
1661 1815 1724 1869 et
1752 1806 2016 1890 praemia
2053 1802 2238 1888 posci.

466 1894 657 1955 Recte
690 1914 879 1956 necne
912 1914 1150 1956 crocum
1182 1894 1474 1976 floresque
1506 1892 1877 1992 perambulet
1904 1892 2095 1955 Attae

463 1978 697 2041 Fabula
725 1979 775 2041 si
806 1979 1094 2057 dubitem,
1125 1980 1388 2041 clament
1415 1979 1662 2063 periisse
1692 1978 1981 2061 pudorem

468 2062 687 2127 Cuncti
717 2086 869 2147 pene
902 2072 1125 2148 patres,
1157 2085 1229 2139 ea
1259 2085 1397 2126 cum
1427 2063 1866 2147 reprehendere
1893 2082 2077 2125 coner

467 2148 635 2221 Quae
667 2150 867 2232 gravis
896 2151 1196 2233 Aesopus,
1227 2170 1382 2232 quae
1410 2149 1620 2212 doctus
1650 2149 1904 2211 Roscius
1933 2149 2110 2231 egit.

465 2235 586 2298 Vel
616 2236 757 2319 quia
800 2236 882 2298 nil
914 2243 1143 2299 rectum
1198 2236 1314 2299 nisi
1344 2235 1505 2318 quod
1534 2235 1760 2319 placuit
1787 2234 1898 2297 sibi
1950 2234 2201 2313 ducunt,

466 2321 587 2384 Vel
620 2322 761 2404 quia
791 2328 967 2405 turpe
998 2327 1215 2405 putant
1241 2342 1454 2405 parere
1483 2320 1829 2400 minoribuS‚
1861 2325 1925 2383 et
1959 2340 2115 2404 quae

465 2406 774 2470 Imberbes
806 2407 1069 2470 didicere
1122 2428 1297 2470 senes
1324 2406 1636 2505 perdenda
1661 2406 1860 2468 fateri.

440 2492 509 2555 ’J
512 2514 605 2555 am
641 2490 871 2555 Saliare
906 2492 1145 2555 Numae
1176 2514 1416 2555 carmen
1447 2492 1549 2575 qui
1579 2490 1804 2566 laudat,
1815 2496 1878 2553 et
1904 2489 2054 2553 illud

466 2577 641 2651 Quod
670 2600 905 2641 mecum
935 2580 1171 2661 ignorat
1215 2580 1372 2641 solus
1403 2578 1532 2640 vult
1561 2577 1714 2640 scire
1743 2538 1988 2657 videri,

465 2663 732 2747 Ingeniis
761 2687 880 2727 non
908 2665 1008 2727 ille
1034 2665 1199 2727 favet
1226 2664 1576 2747 plauditque
1607 2662 1878 2745 sepultiS,

466 2749 692 2812 Nostra
720 2750 826 2813 sed
856 2750 1188 2834 impugnat,
1217 2770 1323 2812 nos
1353 2757 1676 2832 nostraque
1704 2747 1920 2811 lividus
1949 2746 2112 2811 odit.

468 2834 643 2908 Quod
672 2837 721 2899 si
752 2844 874 2898 tam
908 2835 1160 2899 Graecis
1192 2836 1427 2897 novitas
1457 2834 1651 2897 invisa
1679 2834 1895 2899 fuisset

467 2919 662 2992 Quam
687 2922 877 3001 nobie,
907 2921 1052 3005 quid
1081 2941 1239 2983 nunc
1270 2929 1432 2983 esset
1460 2918 1685 2984 vetus?
1723 2926 1830 2983 aut
1858 2918 2005 3003 quid
2031 2917 2284 2981 haberet
2315 2994 2326 3005 ·

467 3003 640 3077 Quod
671 3008 905 3089 legeret
934 3012 1276 3104 tereretque
1306 2998 1530 3068 viritim
1554 3006 1826 3090 publicus
1855 3002 2050 3069 usus?

463 3089 557 3153 Ut
585 3090 844 3173 primum
875 3091 1084 3189 pos-itis
1112 3092 1332 3173 nugari
1364 3090 1626 3155 Graecia
1655 3092 1827 3156 bellis

467 3176 679 3259 Coepit
708 3177 814 3237 et
797 3198 860 3237 m
890 3176 1099 3238 vitium
1128 3176 1367 3239 fortuna
1394 3176 1583 3239 labier
1611 3196 1828 3259 aequa,

464 3261 646 3324 Nunc
678 3262 1039 3339 athletarum
1067 3262 1459 3341 studiis‚nunc
1489 3261 1635 3324 arsit
1665 3283 1978 3344 equorum,

464 3346 781 3409 Marmoris
812 3354 918 3409 aut
946 3346 1139 3409 eboris
1168 3348 1365 3410 fabros
1397 3354 1502 3410 aut
1531 3347 1685 3409 aeris
1717 3346 1961 3425 amavit,

468 3430 793 3514 Suspendit
822 3433 981 3514 picta
1009 3434 1241 3495 vultum
1268 3439 1648 3515 mentemque
1679 3433 1921 3510 tabella,

464 3516 527 3579 N
531 3538 647 3579 unc
679 3517 1033 3589 tibicinibus,
1045 3540 1204 3581 nunc
1236 3527 1329 3581 est
1340 3519 1564 3618 ‘gavisa
1597 3518 1941 3601 tragoedi83

468 3601 593 3665 Sub
626 3604 857 3665 nutrice
888 3605 1089 3687 puella
1114 3604 1281 3666 velut
1308 3605 1359 3667 si
1388 3605 1626 3667 luderet
1653 3604 1873 3683 infan8‚

467 3686 639 3761 Quod
667 3688 881 3771 cupide
914 3690 1084 3772 petiit
1134 3699 1367 3752 mature
1399 3692 1577 3773 plena
1605 3691 1867 3772 reliquit.
1929 3678 1952 3699 ⁹

466 3772 623 3847 Quid
653 3775 852 3857 placet
880 3781 987 3837 aut
1015 3773 1147 3836 odio
1179 3782 1272 3837 est
1323 3775 1502 3857 quod
1513 3795 1630 3837 non
1658 3776 1943 3838 mutabile
1975 3772 2240 3839 credas?

463 3860 599 3971 Hoc
629 3880 811 3943 paces
840 3860 1103 3923 habuere
1132 3859 1321 3923 bonae
1355 3862 1638 3945 ventique
1671 3857 1941 3925 secundi.

2493 1142 2570 1190 ⁸70

2489 1536 2564 1615 ’γε’

2485 2856 2549 2903 90

2451 3709 2544 3759 100
