2742 4417
480 307 565 371 28

809 702 844 758 '.¹

830 761 836 782 t

633 737 837 975 Kl-K‘K.

749 876 772 909 c

1352 316 1704 371 CARMINUM

1315 763 1323 796 l

819 990 874 1055 Ο
905 986 1110 1065 Diva,
1140 985 1565 1072 gratum'quae
1597 988 1757 1071 regis
1786 987 2067 1067 Antium,

815 1077 1117 1140 Praesens
1148 1076 1245 1139 vel
1272 1076 1391 1138 imo
1421 1076 1629 1139 tollere
1662 1075 1738 1137 de
1768 1073 1969 1156 gradu

900 1162 1162 1225 Mortale
1194 1162 1560 1252 corpushvel
1588 1162 1925 1253 superbosd

982 1240 1244 1311 Vertere
1273 1242 1583 1309 funeribus
1614 1247 1967 1329 triumphOS,

813 1334 901 1398 'l'e
931 1354 1163 1417 pauper
1191 1333 1376 1395 ambit
1405 1333 1654 1403 sollicita
1684 1353 1864 1415 prece

812 1419 998 1484 Ruris
1029 1419 1293 1497 colonus,
1324 1426 1384 1481 te
1416 1418 1713 1481 dominam
1744 1418 2021 1501 aequoris

901 1504 1259 1588 Quicunque
1290 1504 1563 1589 Bithyna
1590 1504 1831 1567 lacessit

984 1590 1378 1675 Carpathium
1408 1591 1657 1674 pelagus
1688 1590 1913 1653 carina.

812 1677 901 1741 Te
932 1676 1138 1741 Dacus
1169 1698 1367 1761 asper,
1399 1684 1461 1739 te
1492 1676 1731 1760 profugi
1766 1673 2032 1759 Scythae

811 1762 1133 1846 Urbesque
1188 1770 1521 1845 gentesque
1576 1769 1639 1824 et
1670 1758 1910 1824 Latium
1938 1761 2111 1823 ferox

891 1850 1251 1931 Regumque
1279 1855 1505 1911 matres
1532 1847 1924 1917 barbarorum
1977 1854 2041 1910 et

978 1933 1280 2017 Purpurei
1308 1941 1588 2013 metuunt
1615 1933 1880 2017 tyranni,

806 2019 1104 2104 Injurioso
1134 2041 1212 2081 ne
1243 2019 1398 2103 pede
1429 2040 1679 2102 proruas

811 2102 1088 2171 Stantem
1118 2106 1475 2183 columnam,
1506 2126 1629 2168 neu
1658 2104 1911 2188 populus
1938 2104 2227 2188 frequens

889 2189 996 2254 Ad
1027 2211 1194 2253 arma
1225 2196 1551 2269 cessanteS,
1582 2190 1661 2253 ad
1692 2210 1860 2253 arma

981 2276 1262 2340 Concitet
1289 2276 1724 2359 imperiumque
1754 2276 2017 2359 frangat.

805 2361 894 2425 Te
925 2383 1164 2446 semper
1192 2362 1385 2425 anteit
1405 2383 1592 2427 saeva
1618 2362 1967 2425 Necessitas

806 2446 1024 2512 Clavos
1055 2449 1316 2512 trabales
1347 2454 1411 2511 et
1440 2469 1661 2511 cuneos
1688 2469 1873 2512 manu

899 2534 1162 2599 Gestaris
1229 2538 1409 2613 aena,
1438 2556 1551 2597 nec
1582 2556 1827 2598 severus

977 2621 1191 2686 Uncus
1222 2621 1416 2699 abest,
1446 2621 1856 2704 liquidumque
1885 2620 2213 2703 plumbum.

803 2708 891 2772 Te
925 2705 1078 2789 Spes
1109 2712 1172 2769 et
1199 2707 1332 2769 albo
1361 2727 1503 2769 rara
1531 2706 1715 2769 Fides
1745 2706 1887 2769 colit

801 2794 1030 2861 Velata
1058 2812 1255 2874 panno
1309 2812 1423 2855 nec
1456 2791 1731 2855 comitem
1760 2792 2044 2875 abnegat,

888 2878 1218 2959 Utcunque
1249 2884 1483 2939 mutata
1511 2884 1786 2959 potentes

976 2963 1170 3027 Veste
1201 2962 1406 3025 domos
1434 2962 1675 3026 inimica
1702 2964 1943 3047 linquis,

798 3050 1136 3132 Atvolgus
1164 3048 1415 3112 infidum
1445 3056 1509 3111 et
1535 3050 1821 3112 meretrix
1845 3056 2009 3114 retro

801 3135 1060 3219 Pei-jura
1084 3134 1266 3214 cedit,
1335 3135 1653 3217 diffugiunt
1684 3135 1849 3199 cadis

887 3222 1041 3286 Cum
1070 3221 1239 3284 faece
1271 3220 1509 3284 siccatis
1540 3222 1714 3285 amici

969 3306 1158 3369 Ferre
1179 3307 1399 3390 jugum
1428 3307 1655 3391 pariter
1684 3306 1892 3371 dolosi.

802 3391 1024 3458 Sex-ves
1055 3393 1280 3455 iturum
1311 3390 1634 3456 Caesarem
1661 3392 1725 3455 in
1752 3394 1989 3457 ultimos

800 3478 982 3544 Orbis
1011 3478 1335 3542 Britannos
1388 3486 1453 3541 et
1470 3479 1764 3562 juvenum
1792 3498 2005 3547 recens

881 3565 1156 3629 Examen
1188 3565 1329 3628 Eois
1360 3565 1691 3628 timendum

965 3650 1252 3714 Partibus
1309 3650 1675 3734 Oceanoque
1707 3649 1909 3713 rubro.

795 3735 975 3810 Eheu
1027 3737 1377 3800 cicatricum
1406 3744 1469 3799 et
1498 3736 1741 3799 sceleris
1770 3736 1959 3820 pudet

791 3821 1218 3903 Fratrumque.
1311 3820 1472 3895 Quid
1501 3844 1609 3885 nos
1640 3821 1792 3885 dura
1820 3821 2153 3905 refugimus

1079 645 1543 711 GARMEN
1602 643 2185 745 XXXV·(,.1‚2
2276 664 2285 693 x

2498 1780 2569 1829 10

2452 2209 2562 2257 ’15

2482 3069 2550 3119 25
