2742 4417
993 340 1124 385 ΗΒ.
1169 336 1276 385 111.
1324 336 1523 384 CARM.
1568 336 1664 383 IV.

628 492 984 576 chunque
1015 491 1238 556 mundo
1265 490 1559 555 terminus
1586 488 1817 553 obstitit

623 578 810 643 Hunc
841 585 1054 661 tangat
1082 578 1285 656 armiS,
1317 577 1509 639 visere
1542 574 1807 659 gestiens

714 663 853 738 Qua
879 670 1054 747 parte
1084 662 1535 726 debacchentur
1561 662 1757 744 ignes,

798 747 936 822 Qua
962 750 1216 812 nebulae
1245 747 1551 831 pluviique
1582 765 1769 810 rores.

629 833 755 900 Sed
783 834 1078 897 bellicosis
1106 833 1235 896 fata
1262 831 1593 906 Quiritibus

628 920 770 986 Hac
796 919 950 1002 lege,
966 918 1120 997 dieo,
1149 939 1227 981 ne
1257 918 1505 980 nimium
1532 916 1617 1002 pii

707 1005 1035 1088 Rebusque
1063 1004 1318 1068 fidentes
1348 1003 1547 1066 avitae

794 1089 986 1153 Tecta
1013 1089 1200 1154 velint
1226 1108 1510 1172 reparare
1534 1084 1771 1153 Troiae.

625 1174 842 1239 Troiae
871 1195 1192 1239 renascens
1222 1174 1364 1237 alite
1394 1172 1635 1255 lugubri

618 1260 890 1325 Fortuna
918 1260 1075 1325 tristi
1106 1259 1278 1323 clade
1305 1257 1645 1338 iterabitur,

704 1345 985 1424 Ducente
1016 1346 1296 1409 victrices
1325 1351 1601 1407 catervas
1742 1416 1759 1429 ο

795 1429 1066 1514 Oonjuge
1098 1452 1196 1494 me
1224 1430 1270 1493 J
1271 1429 1399 1493 ovis
1428 1434 1492 1491 et
1520 1437 1743 1493 sorore.

619 1514 744 1579 Ter
771 1516 822 1579 si
850 1522 1130 1599 resurgat
1157 1534 1364 1579 murus
1432 1515 1659 1578 a'eneus

613 1600 888 1665 Auctore
917 1600 1160 1665 Phoebo
1213 1607 1308 1663 ter
1336 1608 1549 1684 pereat
1572 1598 1721 1663 meis

703 1684 960 1749 Excisus
990 1686 1258 1769 ArgiviS,
1289 1693 1387 1749 ter
1414 1706 1565 1748 uxor

554 1839 558 1847 ,
792 1769 989 1855 Capta
1015 1772 1211 1834 virum
1238 1790 1575 1855 puerosque
1606 1768 1819 1853 ploret.

567 1832 588 1959 l
617 1852 764 1919 Non
809 1856 924 1920 hoc
959 1857 1204 1941 jocosae
1233 1854 1483 1919 conveni
1514 1861 1579 1918 et
1606 1856 1817 1941 lyrae:

617 1939 775 2020 Quo,
802 1940 1006 2021 Musa,
1037 1940 1288 2005 tendis?
1375 1940 1603 2004 Desine
1634 1939 1919 2023 pervicax

699 2026 956 2090 Referre
987 2047 1290 2090 sermones
1320 2025 1568 2089 deorum
1598 2033 1662 2088 et

785 2110 1018 2196 Magna
1039 2112 1228 2177 modis
1255 2119 1507 2176 tenuare
1536 2110 1760 2196 parvis.

974 2513 1649 2631 οᾼΒΜΕΝῙν.

610 2880 964 2944 Dnscnmm
993 2880 1160 2943 caelo
1214 2885 1277 2942 et
1309 2878 1405 2943 dic
1438 2898 1551 2963 age
1584 2878 1729 2945 tibia

608 2966 847 3049 Regina
873 2967 1117 3049 longum
1149 2964 1414 3049 Calliope
1444 2966 1653 3043 melos,

700 3050 824 3116 Seu
854 3072 999 3115 voce
1029 3071 1190 3113 nunc
1221 3050 1411 3113 mavis
1440 3056 1642 3129 acuta,

790 3135 916 3200 Seu
943 3136 1160 3199 fidibus
1191 3136 1539 3219 citharaque
1570 3135 1819 3199 Phoebi.

603 3220 875 3302 Auditis,
907 3242 986 3285 an
1012 3242 1109 3284 me
1139 3221 1294 3283 ludit
1321 3222 1589 3285 amabilis

608 3306 906 3371 Insania?
990 3306 1226 3370 Audire
1259 3312 1322 3369 et
1349 3306 1558 3370 videor
1584 3307 1713 3391 pios

693 3393 918 3457 Errare
947 3414 1060 3476 per
1085 3393 1253 3455 lucos
1307 3412 1591 3455 amoenae

779 3477 942 3552 Quos
972 3485 1036 3541 et
1064 3498 1256 3560 aquae
1287 3477 1546 3540 subeunt
1574 3484 1637 3541 et
1666 3495 1870 3541 aurae.

605 3561 714 3627 Me
742 3564 1044 3627 fabulosae
1073 3562 1331 3626 Vulture
1362 3563 1426 3625 in
1453 3563 1657 3646 Apulo

604 3648 858 3713 Altricis
889 3655 1062 3712 extra
1088 3648 1271 3712 limen
1298 3646 1561 3732 Apuliae

693 3733 869 3805 Ludo
896 3734 1334 3817 fatigatumque
1365 3737 1568 3796 somno

773 3820 1012 3885 Fronde
1041 3839 1198 3883 nova
1226 3839 1479 3903 puerum
1513 3817 1823 3903 palumbes

2246 315 2367 383 :55

2281 3670 2342 3720 10
