2742 4417
445 338 630 405 78·

1313 331 1662 407 cantamen

871 512 1082 577 Beluis
1131 518 1378 597 pontum
1410 513 1756 598 mediasque
1787 514 2033 581 fraudes

1213 599 1441 661 Palluit
1468 600 1686 663 audax.

869 682 1088 767 Nuper
1114 684 1177 747 in
1209 685 1397 768 pratis
1425 684 1693 749 studiosa
1718 686 1931 759 florum
1960 694 2027 753 et

869 769 1127 833 Debitae
1157 770 1460 853 Nymphis
1484 772 1683 853 opifex
1711 792 1965 836 coronae

869 854 1070 919 Nocte
1101 856 1386 920 sublustri
1414 856 1560 919 nihil
1590 866 1754 920 astra
1788 860 2034 941 praeter

1210 941 1387 1005 Vidit
1415 950 1479 1003 et
1507 942 1719 1006 undas.

875 994 1046 1099 Quae
1077 1026 1251 1089 simul
1280 1034 1526 1089 centum
1555 1028 1757 1111 tetigit
1786 1034 2095 1111 potentem

875 1111 1128 1195 oppidis
1160 1112 1421 1176 Creten.
1470 1113 1681 1193 Pater,
1712 1136 1747 1176 o
1776 1114 2053 1179 relictum

868 1197 1060 1262 Filiae
1088 1210 1306 1283 nome‘n
1334 1199 1671 1282 pietasque,
1703 1199 1877 1280 dixit,

1213 1283 1401 1347 Victa
1428 1284 1667 1349 furore!

869 1367 1054 1433 Unde
1085 1390 1206 1453 quo
1235 1370 1372 1433 veni
1399 1368 1426 1432 ἲ
1514 1370 1695 1433 Levis
1726 1388 1849 1433 una
1875 1390 2033 1433 mors
2063 1376 2156 1435 est

872 1455 1194 1539 Virginum
1227 1457 1461 1539 culpae.
1551 1455 1910 1538 vigilansne
1939 1458 2107 1540 ploro
2182 1468 2191 1477 ‘

869 1540 1072 1625 Turpe
1104 1541 1502 1620 commissum,
1526 1561 1604 1603 an
1636 1541 1793 1605 vitiis
1822 1550 2129 1606 carentem

1069 1674 1078 1681 .
1207 1626 1439 1689 Ludit
1422 1648 1621 1709 imago
1890 1662 1909 1679 ·

864 1709 1048 1777 ‘Vana
1085 1734 1250 1796 quae
1281 1714 1457 1796 porta
1482 1712 1721 1795 fugiens
1750 1712 1981 1777 eburna

805 1842 820 1855 .
873 1795 1180 1861 Somnium
1209 1798 1418 1861 ducit
1396 1797 1425 1833 ⁹
1480 1796 1813 1861 ·Meliusne
1840 1798 2063 1862 fluctus

865 1883 969 1947 Ire
999 1906 1110 1968 per
1134 1885 1343 1966 longos
1371 1883 1527 1947 fuit
1522 1905 1619 1947 an
1648 1892 1925 1948 recentes

1209 1968 1475 2053 Carpere
1504 1968 1727 2033 fiores?

870 2052 938 2119 Si
966 2053 1114 2155 quis·
1127 2053 1411 2119 infamem
1438 2055 1582 2119 mihi
1612 2075 1773 2118 nunc
1792 2054 2125 2139 juvencum

863 2138 1070 2204 Dedat
1097 2140 1288 2203 iratae
1340 2142 1611 2205 lacerare
1642 2142 1803 2203 ferro
1832 2147 1897 2204 et

866 2226 1177 2310 Frangere
1208 2226 1403 2289 enitar
1416 2220 1607 2290 modo
1637 2227 1889 2291 multum
1910 2224 2168 2291 amati'
2150 2278 2177 2347 3
2280 2239 2309 2311 ξ-

1209 2310 1453 2375 Cornua
1478 2300 1747 2375 monstri.

862 2397 1192 2482 Impudens
1220 2398 1370 2481 liqui
1396 2399 1622 2481 patrios
1651 2398 1936 2476 Penate8‚

860 2482 1190 2568 Impudens
1222 2482 1449 2548 Orcum
1476 2504 1695 2547 moror.
1786 2483 1841 2547 O
1874 2483 2127 2547 deorum

865 2568 934 2635 Si
963 2571 1097 2654 quis
1125 2570 1276 2633 haec
1309 2570 1504 2649 audis,
1535 2570 1763 2631 utinam
1792 2569 1955 2633 inter
1982 2588 2182 2633 errem

1201 2654 1266 2717 N
1269 2655 1390 2717 uda
1418 2654 1657 2720 leones!
1800 2652 1807 2657 ⁴

861 2739 1209 2824 Antequam
1241 2741 1432 2823 turpis
1462 2740 1686 2805 macies
1718 2738 2005 2801 decentes

864 2825 1140 2910 Occupet
1167 2826 1379 2905 malas,
1410 2833 1777 2925 teneraeque
1806 2844 1989 2887 sucus

856 2911 1103 2977 Defluat
1131 2911 1417 2995 praedae,
1448 2911 1719 2995 speciosa
1748 2930 1972 2993 quaero

1197 2997 1461 3060 Pascere
1490 2997 1700 3079 tigres.

856 3045 1016 3146 Vilis
1045 3080 1311 3181 Europe,
1341 3089 1517 3177 pater
1544 3086 1727 3163 urget
1754 3079 2017 3144 absens.

862 3166 1044 3241 Quid
1053 3168 1200 3231 mori
1231 3166 1478 3231 cessas?
1566 3167 1751 3230 Potes
1779 3166 1892 3228 hac
1920 3165 1995 3228 ab
2026 3182 2171 3229 orno

813 3244 822 3254 ’
860 3253 1200 3319 Pendulum
1229 3275 1379 3316 zona
1404 3253 1559 3316 bene
1592 3260 1655 3315 te
1684 3260 1897 3315 secuta

1199 3338 1475 3402 Laedere
1504 3339 1765 3401 collum.-

862 3423 1004 3490 Sive
1035 3431 1098 3487 te
1125 3446 1308 3507 rupes
1337 3434 1403 3487 et
1430 3434 1613 3487 acuta
1632 3425 1753 3486 leto

861 3510 1027 3575 Saxa
1055 3511 1360 3574 delectant
1394 3531 1527 3595 age
1582 3517 1641 3572 te
1672 3506 1970 3592 procellae

860 3595 1058 3661 Crede
1077 3596 1296 3677 veloci,
1308 3618 1421 3659 nisi
1450 3595 1637 3659 herile
1667 3593 1857 3658 mavis

1201 3680 1467 3765 Carpere
1498 3701 1746 3764 pensum

861 3766 1094 3849 Regius
1121 3767 1366 3848 sanguis
1419 3766 1811 3848 dominaeque
1840 3760 2002 3825 tradi

857 3851 1168 3917 Barbarae
1198 3852 1415 3936 pellex.
1418 3850 1745 3915 —Aderat
1774 3844 2053 3933 querenti

1144 4276 1250 4389 N

2459 1652 2527 1701 40

2339 2261 2495 2295 ἉΛΓκκΓ
