2742 4417
1049 361 1180 407 LIB.
1227 360 1304 408 11.
1351 362 1549 408 GARM.
1596 363 1699 410 IX.·

755 514 939 579 Adde
995 515 1156 599 quod
1185 516 1378 599 pubes
1410 516 1517 580 tibi
1552 517 1771 581 crescit
1800 516 2010 599 omniS,

760 600 1034 665 Servitus
1066 602 1286 681 crescit
1326 622 1487 671 nova
1528 624 1645 667 nec
1699 604 1928 687 priores

756 687 990 772 hpiae
1021 695 1250 751 tectum
1279 686 1557 775 dominae
1586 690 1936 773 relinquunt

1105 771 1302 857 Saepe
1333 773 1563 837 minati.

755 858 844 923 Te
874 858 998 923 suis
1030 866 1254 922 matres
1284 866 1564 923 metuunt
1582 860 1885 943 juvenciS,

755 945 852 1009 Te·
875 964 1054 1008 senes
1085 945 1254 1028 parci
1305 945 1683 1028 miseraeque
1714 968 1911 1030 nuper
1984 954 1995 962 ‘

675 1032 682 1037 “
756 1030 1046 1115 Virgines
1075 1036 1324 1113 nuptae,
1349 1038 1465 1093 'tua
1491 1052 1569 1093 ne
1599 1032 1877 1097 retardet

1100 1116 1280 1179 Aura
1303 1116 1571 1180 maritos.

1551 1270 1661 1279 §.aar--

1033 1507 1705 1611 GARMENIX.

753 1889 910 1955 NON
937 1910 1176 1974 semper
1201 1889 1422 1953 imbres
1448 1888 1707 1952 nubibus
1733 1887 1999 1973 hispidos

751 1976 1011 2041 Manant
1038 1977 1101 2038 in
1132 1997 1307 2059 agros
1345 1983 1453 2038 aut
1479 1996 1646 2047 mare
1679 1973 1964 2060 Caspium

840 2062 1092 2127 Vexant
1117 2061 1467 2145 inaequales
1500 2062 1797 2146 procellae

687 2228 693 2231 η
931 2145 1168 2231 Usque,
1196 2169 1311 2211 nec
1341 2147 1647 2210 Armeniis
1676 2147 1738 2210 in
1767 2147 1910 2229 oriS,

752 2232 971 2297 Amice
1000 2233 1209 2317 Valgi,
1241 2239 1364 2297 stat
1392 2233 1617 2316 glacies
1646 2233 1809 2296 iners

752 2318 1000 2383 Menses
1031 2341 1141 2403 per
1174 2340 1378 2382 omnes
1431 2326 1537 2381 aut
1564 2318 1967 2402 Aquilonibus

840 2403 1146 2478 Querceta
1177 2404 1457 2487 Gargani.
1474 2405 1749 2467 laborant

923 2490 1008 2553 Et
1035 2490 1190 2554 foliis
1219 2491 1547 2553 viduantur
1574 2490 1739 2553 orni:

753 2574 848 2640 Tu
876 2596 1115 2660 semper
1141 2597 1324 2659 urges
1353 2576 1646 2639 flebilibus
1674 2574 1865 2639 modis

713 2663 719 2669 ’
751 2660 1002 2745 Mysten
1029 2662 1405 2748 ademptum,
1424 2683 1539 2725 nec
1570 2662 1677 2723 tibi
1707 2661 1984 2747 Vespero

848 2746 1150 2830 Surgente
1181 2748 1489 2811 decedunt
1516 2768 1747 2811 amores

925 2833 1062 2897 Nec
1093 2834 1368 2917 rapidum
1396 2833 1668 2916 fugiente
1702 2831 1923 2898 Solem.

754 2917 848 2983 At
873 2940 994 2983 non
1023 2926 1120 2983 ter
1149 2941 1299 2983 aevo
1327 2920 1573 2983 functus
1604 2920 1921 2984 amabilem

753 3003 1026 3069 Ploravi't
1051 3027 1256 3069 omnes
1287 3005 1680 3069 Antilochum
1711 3026 1896 3069 senex

834 3089 1070 3170 Annos,
1098 3113 1213 3155 nec
1244 3092 1546 3175 impubem
1576 3098 1859 3175 parentes

923 3177 1185 3257 Troilon,
1215 3185 1321 3240 aut
1352 3176 1659 3261 Phrygiae
1690 3196 1924 3240 sorores

750 3260 1008 3326 Flevere
1039 3284 1296 3347 semper.
1389 3263 1614 3327 Desine
1644 3263 1911 3326 mollium

750 3346 1020 3411 Tandem
1050 3350 1456 3432 querelarum,
1488 3356 1550 3412 et
1579 3349 1777 3433 potius
1805 3369 1962 3417 nova

839 3432 1166 3498 Cantemus
1198 3434 1466 3519 Augusti
1494 3442 1744 3518 tropaea

929 3520 1204 3585 Caesaris
1257 3528 1320 3584 et
1348 3520 1610 3604 rigidum
1638 3519 1974 3602 Niphaten,

749 3604 1123 3693 Medumque
1150 3608 1375 3671 flumen
1404 3606 1683 3689 gentibus
1713 3604 1986 3670 additum

748 3691 949 3769 Victis
1001 3694 1258 3757 minores
1287 3695 1534 3757 volvere
1566 3691 1847 3771 vertice8‚

837 3777 1131 3863 Intraque
1160 3779 1606 3863 praescriptum
1636 3776 1899 3843 Gelonos

919 3864 1174 3948 Exiguis
1203 3867 1480 3949 equitare
1512 3864 1761 3948 campis.

2039 3718 2283 3777 ’κω-,Ἀ

2334 350 2421 417 89

2355 2688 2414 2737 10

2350 3115 2413 3165 15
