2742 4417
497 354 627 419 102

1130 364 1136 373 '
1189 366 1456 413 GARMEN
1500 362 1895 413 SAEOULARE.

922 520 1166 587 Fertilis
1195 522 1439 603 frugum
1471 520 1825 605 pecorisque
1862 520 2067 585 Tellus

927 608 1146 691 Spicea
1177 608 1358 670 donet
1390 606 1677 670 Cererem
1708 626 1969 684 corona3

922 694 1216 760 Nutriant
1245 694 1407 755 fetus
1436 700 1500 755 et
1530 713 1721 775 aquae
1753 694 2026 765 salubres

1270 779 1353 841 Et
1381 778 1425 841 J
1428 778 1553 840 ovis
1583 798 1789 841 aurae.

925 864 1184 943 Condito
1210 864 1368 926 mitis
1398 864 1789 947 placidusque
1821 864 1943 929 telo

925 950 1242 1035 Supplices
1272 949 1416 1012 audi
1445 970 1682 1033 pueros,
1712 950 1931 1033 Apollo
1958 970 1975 1013 ε

927 1036 1210 1102 Siderum
1236 1036 1447 1119 regina
1477 1035 1732 1098 bicornis
1785 1036 1949 1114 audi,

1262 1120 1461 1199 Luna,
1490 1121 1741 1204 puellas.

922 1208 1117 1271 Roma
1145 1206 1196 1269 si
1225 1214 1492 1270 vestrum
1524 1215 1617 1269 est
1646 1228 1816 1290 opus,
1848 1206 2127 1291 Iliaeque

921 1293 1094 1357 Litus
1125 1292 1449 1356 Etruscum
1480 1298 1728 1355 tenuere
1760 1300 2017 1372 turmae,

922 1378 1111 1443 Jussa
1139 1399 1279 1463 pars
1311 1384 1546 1440 mutare
1578 1377 1768 1441 Lares
1800 1386 1863 1441 et
1890 1379 2103 1441 urbem

1268 1462 1505 1547 Sospite
1537 1484 1739 1541 cursu,

924 1548 1040 1613 Cui
1067 1570 1178 1634 per
1207 1548 1518 1612 ardentem
1547 1549 1673 1612 sine
1704 1548 1919 1613 fraude
1950 1548 2191 1635 Trojam

925 1633 1144 1699 Castus
1173 1635 1421 1698 Aeneas
1452 1634 1681 1718 patriae
1712 1642 2018 1718 superstes

919 1720 1205 1785 Liberum
1233 1720 1488 1783 munivit
1515 1720 1647 1797 iter,
1664 1720 1914 1785 daturus

1263 1806 1453 1870 Plura
1480 1806 1703 1870 relictis
1728 1829 1745 1869 ε

918 1890 1026 1971 Di,
1056 1892 1271 1977 probos
1299 1886 1495 1955 mores
1524 1892 1705 1955 docili
1722 1893 2039 1976 juventae,

924 1975 1029 2056 Di,
1061 1979 1357 2042 senectuti
1388 1978 1658 2061 placidae
1689 1978 1975 2061 quietem,

925 2062 1217 2128 Romulae
1246 2064 1417 2147 genti
1447 2063 1588 2127 date
1618 2084 1866 2147 remque
1897 2063 2246 2149 prolemque

1266 2151 1350 2213 Et
1380 2149 1567 2213 decus
1596 2149 1806 2214 omne!

923 2234 1216 2319 Quaeque
1245 2257 1350 2299 vos
1379 2236 1573 2298 bubus
1604 2241 1929 2299 veneratur
1957 2234 2108 2298 albis

924 2320 1138 2385 Clarus
1167 2321 1475 2385 Anchisae
1507 2320 1887 2404 Venerisque
1917 2319 2185 2404 sanguis,
2228 2325 2237 2329 ’

919 2406 1236 2492 Impetret‚
1266 2408 1527 2470 bellante
1557 2407 1741 2490 prior,
1770 2408 2081 2491 jacentem

1260 2492 1445 2556 Lenis
1476 2492 1540 2555 in
1566 2492 1799 2555 hostem
1828 2492 1844 2555 ἱ

918 2576 966 2641 J
967 2598 1063 2641 am
1093 2579 1244 2641 mari
1275 2586 1559 2661 terraque
1588 2599 1800 2641 manus
1828 2583 2105 2661 potentes

917 2662 1142 2727 Medus
1171 2665 1563 2748 Albanasque
1594 2664 1765 2727 timet
1793 2684 2059 2743 secureS,

920 2748 966 2813 J
970 2770 1068 2813 am
1099 2748 1364 2835 Scythae
1389 2771 1673 2833 responsa
1701 2756 1938 2833 petunt,
1968 2750 2212 2835 superbi

1267 2834 1507 2918 Nuper,
1539 2842 1601 2899 et
1637 2834 1798 2898 Indi.
1982 2874 1991 2883 ·
2108 2878 2117 2887 -

919 2918 968 2983 J
969 2940 1065 2982 am
1093 2918 1277 2983 Fides
1329 2927 1393 2983 et
1426 2920 1558 2985 Pax
1610 2928 1675 2984 et
1707 2920 1918 2983 Honos
1972 2919 2299 3007 Pudorque

921 3004 1167 3068 Priscus
1213 3012 1277 3068 et
1304 3007 1587 3089 neglecta
1617 3006 1815 3069 redire
1844 3005 2059 3071 Virtus

922 3090 1157 3171 Audet,
1188 3100 1559 3176 apparetque
1589 3093 1767 3155 beata
1796 3092 1973 3176 pleno

1267 3176 1457 3260 Copia
1484 3198 1692 3240 cornu.

921 3258 1146 3342 Augur
1197 3267 1261 3325 et
1289 3263 1562 3346 fulgente
1594 3263 1847 3327 decorus
1876 3283 2025 3326 arcu

923 3344 1204 3411 Phoebus
1257 3357 1663 3432 acceptusque
1692 3370 1909 3419 novem
1940 3347 2242 3430 Camenis,

926 3428 1044 3505 Qui
1073 3435 1321 3497 salutari
1350 3435 1514 3498 levat
1544 3442 1673 3498 arte
1710 3435 1897 3497 fessos

1271 3518 1551 3603 Corporis
1582 3527 1771 3600 artus,

930 3600 998 3666 Si
1027 3602 1336 3669 Palatinas
1369 3606 1537 3669 videt
1567 3627 1797 3691 aequus
1827 3626 2000 3669 arces

881 3712 886 3717 ·
925 3688 1201 3773 Itemque
1234 3692 1564 3755 Romanam
1595 3692 1981 3775 Latiumque,
2006 3689 2153 3755 felix

925 3773 1210 3839 Alterum
1238 3777 1299 3838 in
1328 3778 1585 3840 lustrum
1638 3778 1972 3861 meliusque
2000 3796 2242 3861 semper

1270 3861 1568 3946 Proroget
1598 3884 1834 3929 aevum.

1243 4107 1256 4145 Ι,

1240 4148 1262 4180 χ

1252 4236 1332 4363 „N

2514 1483 2581 1533 ⁴0
