2742 4417
459 318 586 396 216
1271 337 1717 384 mus‘rommnu

461 487 614 551 Cum
660 488 796 553 loca
828 489 959 574 jam
1002 491 1261 558 recitata
1280 493 1640 556 revolvimus
1668 490 2032 570 irrevocati3

460 573 615 637 Cum
659 576 1061 642 lamentamur
1103 600 1224 643 non
1270 599 1565 664 apparere
1604 577 1837 641 labores

459 659 720 726 Nostros·
744 670 808 726 et
837 665 1002 726 tenui
1031 665 1294 728 deducta
1323 670 1601 747 poemata
1626 663 1726 726 fflo
1752 682 1769 738 ;

455 745 612 813 Cum
656 769 970 834 speramus
1015 773 1088 816 eo
1131 772 1263 816 rem
1281 757 1597 812 venturam
1649 756 1721 810 ut
1771 748 1946 811 simul
1976 753 2158 833 atque

459 831 741 896 Carmina
771 835 1045 898 rescieris
1072 829 1186 900 nos'
1207 837 1439 918 fingere
1494 833 1834 919 commodus
1866 835 2023 897 ultro

455 919 848 998 Arcessas,et
877 941 1058 1004 egere
1086 928 1352 999 vete8,et
1378 921 1641 984 scribere
1672 939 1872 1002 cogas.

457 1002 583 1066 Sed
611 1011 812 1068 tamen
842 1013 936 1070 est
963 1027 1180 1090 operae
1209 1006 1469 1091 pretium
1500 1025 1884 1088 cognoscere,
1913 1005 2123 1090 quales

453 1089 750 1153 Aedituos
771 1091 999 1154 -habeat
1026 1092 1166 1155 belli
1198 1096 1472 1175 spectata
1501 1090 1777 1172 domique

395 1177 402 1184 '
452 1173 689 1254 Virtus,
721 1175 965 1258 indigno
995 1198 1114 1239 non
1142 1175 1578 1280 copmittenda·
1595 1176 1832 1258 poetae.

455 1257 681 1322 Gratus
709 1259 1058 1325 Alexandro
1086 1283 1219 1344 regi
1245 1262 1476 1344 Magno
1503 1261 1621 1325 fuit
1659 1261 1761 1324 ille

454 1342 788 1426 Choerilus,
817 1346 1055 1411 incultis
1085 1349 1189 1432 qui
1216 1347 1487 1412 versibus
1516 1353 1582 1411 et
1607 1346 1765 1409 male
1792 1345 1952 1410 natis

451 1426 715 1495 Rettulit
743 1443 1050 1518 acceptos,
1082 1434 1291 1517 regale
1321 1433 1634 1511 nomisma,
1667 1431 1977 1516 Philippos

456 1514 580 1580 Sed
608 1516 795 1582 veluti
824 1525 1085 1582 tractata
1112 1525 1314 1582 notam
1341 1519 1657 1602 labemque
1684 1518 2001 1583 remittunt

335 1655 344 1665 .
450 1601 835 1683 Atramenta,
862 1605 992 1667 fere
1023 1605 1340 1689 scriptores
1370 1605 1633 1688 carmine
1669 1603 1843 1667 foedo

455 1686 785 1771 Splendida
811 1690 974 1753 facta
1002 1685 1217 1753 linunt.
1308 1689 1482 1753 Idem
1511 1711 1620 1752 rex
1648 1690 1747 1752 ille
1793 1692 2011 1772 poe'ma

453 1772 570 1845 Qui
600 1781 724 1836 tam
753 1775 1069 1839 ridiculum
1098 1783 1222 1840 tam
1251 1797 1391 1840 care
1421 1775 1706 1858 prodigus
1736 1774 1903 1855 emit,

451 1857 669 1922 Edicto
701 1861 892 1923 vetuit
942 1881 1019 1922 ne
1049 1862 1183 1944 quis
1213 1882 1277 1925 se
1307 1868 1551 1945 praeter
1579 1861 1843 1944 Apellen

451 1942 762 2026 Pingeret,
793 1953 900 2009 aut
928 1946 1080 2010 alius
1104 1946 1368 2031 Lysippo
1386 1947 1653 2010 ‘duceret
1680 1966 1823 2010 aera

447 2029 648 2092 Fortis
677 2031 1012 2095 Alexandri
1038 2033 1270 2096 vultum
1300 2031 1655 2096 simulantia.
1748 2029 1975 2105 Quodsi
2046 2030 2053 2038 ’

447 2114 493 2178 J
496 2115 759 2179 udicium
788 2117 1004 2180 subtile
1035 2118 1306 2182 videndis
1336 2119 1565 2181 artibus
1592 2116 1740 2180 illud

449 2200 550 2263 Ab
581 2201 760 2266 libros
789 2208 854 2266 et
881 2203 960 2266 ad
988 2203 1138 2267 haec
1168 2204 1483 2267 Musarum
1512 2203 1669 2267 dona
1695 2221 1967 2283 vocareS,

447 2284 743 2350 Boeotum
770 2288 833 2351 in
863 2308 1063 2352 crasso
1079 2290 1322 2373 jurares
1351 2291 1492 2352 aere
1521 2294 1750 2352 natum.

447 2371 543 2435 At
567 2393 764 2456 neque
796 2373 1162 2439 dedecorant
1189 2383 1297 2439 tua
1326 2374 1497 2438 dese
1517 2373 1751 2460 judicia
1778 2379 1962 2456 atque

448 2455 731 2537 Munera,
761 2481 916 2543 quae
947 2461 1136 2524 multa
1165 2461 1360 2525 dantis
1392 2481 1528 2524 cum
1556 2459 1735 2524 laude
1765 2459 2037 2524 tulerunt

447 2543 672 2608 Dilecti
702 2545 808 2608 tibi
837 2546 1128 2629 Virgilius
1156 2547 1501 2630 Variusque
1530 2546 1743 2630 poetae
1770 2564 1787 2620 ;

447 2628 584 2692 Nec
615 2631 804 2714 magis
835 2633 1098 2715 expressi
1127 2634 1329 2697 vultus
1358 2653 1469 2716 per
1513 2635 1709 2696 acnea
1752 2630 1947 2712 signa,

449 2713 645 2786 Quam
675 2737 784 2800 per
810 2718 965 2780 vatis
995 2739 1142 2801 opus
1170 2739 1366 2782 mores
1400 2718 1699 2800 animique
1728 2716 1990 2778 virorum

449 2799 762 2863 Clarorum
791 2809 1102 2886 apparent.
1192 2803 1258 2867 N
1259 2823 1329 2866 ec
1360 2823 1663 2866 sermones
1691 2822 1804 2885 ego
1833 2800 2072 2863 mallem

447 2883 754 2967 Repentes
787 2887 904 2970 per
922 2888 1168 2951 humum
1221 2893 1401 2971 quani
1433 2908 1531 2950 res
1559 2907 1912 2970 componere
1944 2891 2170 2969 gestaS,

446 2968 888 3055 Terrarumque
919 2973 1067 3036 situs
1101 2978 1163 3036 et
1188 2973 1433 3035 flumina
1462 2972 1758 3053 dicere,et
1787 2990 1957 3035 arces

445 3054 753 3120 Montibus
781 3058 1178 3140 impositas,et
1203 3056 1462 3122 barbara
1492 3077 1704 3141 regna,
1732 3057 1971 3141 tuisque

445 3142 751 3226 Auspiciis
782 3149 972 3206 totum
999 3143 1274 3208 confecta
1302 3143 1502 3206 duella
1530 3164 1640 3226 per
1668 3143 1897 3221 orbem,

449 3227 845 3312 Claustraque
876 3229 1182 3293 custodem
1214 3229 1377 3314 pacis
1408 3229 1742 3293 cohibentia
1768 3228 1813 3291 J
1815 3248 2017 3307 anum,

446 3313 530 3376 Et
559 3314 932 3384 formidatam
961 3315 1204 3380 Parthis
1234 3322 1294 3378 te
1325 3315 1593 3398 principe
1625 3314 1901 3391 Romam,

2434 1964 2533 2014 240

2430 2393 2529 2442 245

2430 3245 2528 3294 255

450 3397 517 3468 ,Si
573 3407 862 3482 quantum
893 3422 1174 3486 cuperem
1226 3421 1462 3485 possem
1490 3421 1727 3484 quoque
1754 3419 1771 3476 ;
1816 3397 1924 3462 sed
1952 3417 2151 3482 neque
2186 3415 2441 3481 parvum

449 3484 708 3548 Carmen
738 3488 1018 3570 majestas
1047 3488 1260 3572 recipit
1288 3494 1397 3550 tua
1446 3506 1558 3550 nec
1590 3505 1759 3549 meus
1788 3483 1975 3546 audet

446 3570 604 3633 Rem
636 3578 869 3635 tentare
901 3573 1093 3656 pudor
1145 3594 1328 3657 quam
1358 3572 1515 3635 vires
1543 3571 1703 3634 ferre
1734 3573 2036 3633 recusent.

451 3654 753 3718 Sedulitas
785 3663 986 3721 autem
1037 3660 1220 3722 stulte
1252 3679 1433 3742 quem
1471 3657 1668 3740 diligit
1718 3661 1921 3738 urget,

447 3740 782 3826 Praecipue
821 3764 958 3808 cum
1003 3765 1070 3807 se
1114 3743 1383 3807 numeris
1416 3742 1794 3806 commendat
1822 3747 1885 3803 et
1923 3743 2053 3804 arte
2081 3759 2098 3802 z

447 3826 644 3890 Discit
670 3826 826 3891 enim
858 3828 1034 3893 citius
1061 3829 1445 3913 meminitque
1473 3827 1755 3892 libentius
1782 3823 1932 3889 illud

2316 3681 2321 3686 ·
2432 3669 2531 3721 260
