2742 4417
983 410 1106 459 Ans
1150 398 1442 461 Poii'rmA.

186 564 485 629 Debemur
512 566 689 629 morti
718 585 827 629 nos
854 572 1177 651 nostraque
1203 589 1218 629 :
1272 566 1398 631 sive
1427 572 1710 651 receptus

186 651 369 713 Terra
398 652 721 735 Neptunus
752 653 971 716 classes
1000 652 1376 737 aquilonibus
1406 659 1596 732 arcet,

182 736 366 821 Regis
395 759 565 820 opus,
598 738 892 817 sterilisve
938 738 1045 821 diu
1100 739 1273 823 palus
1304 744 1565 821 aptaque
1596 738 1777 805 remis

181 820 426 885 Vicinas
456 824 635 886 urbes
666 824 774 901 alit
802 830 867 887 et
894 844 1080 906 grave
1110 824 1296 895 sentit
1324 831 1616 906 aratrum,

184 905 307 968 Seu
337 928 576 971 cursum
607 908 861 971 mutavit
888 908 1460 993 iniquumfrugibus
1489 908 1680 984 amnis

178 990 405 1056 Doctus
433 994 553 1056 iter
580 994 815 1075 melius,
843 994 1118 1061 mortalia
1146 994 1311 1069 facta
1340 994 1647 1079 peribunt,

176 1076 419 1141 Nedum
444 1100 787 1162 sermonum
814 1086 936 1156 stet
963 1080 1151 1157 honos
1180 1086 1245 1143 et
1272 1078 1470 1163 gratia
1499 1078 1696 1141 vivax.

175 1160 373 1231 Multa
405 1172 797 1248 renascentur
826 1186 981 1247 quae
1002 1166 1133 1249 jam
1162 1159 1459 1242 cecidere,
1491 1163 1829 1247 cadentque

178 1246 343 1319 Quae
373 1270 532 1312 nunc
565 1256 706 1313 sunt
734 1250 794 1312 in
824 1249 1046 1316 honore
1078 1250 1388 1329 vocabula,
1419 1250 1470 1315 si
1499 1249 1660 1316 volet
1686 1268 1852 1331 usus,
1875 1333 1890 1348 ·

178 1332 363 1403 Quem
392 1356 578 1417 penes
609 1335 919 1398 arbitrium
948 1342 1043 1400 est
1071 1342 1135 1402 et
1152 1336 1255 1420 jus
1288 1341 1351 1397 et
1378 1353 1586 1403 norma
1611 1328 1914 1416 loquendi.

172 1415 299 1480 Res
340 1426 553 1503 gestae
596 1442 935 1505 regumque
980 1421 1325 1505 ducumque
1371 1423 1436 1481 et
1472 1415 1670 1483 tristia
1696 1419 1856 1489 bella

174 1500 307 1572 Quo
334 1504 513 1566 scribi
541 1512 785 1587 possent
812 1522 1094 1585 numero,
1115 1504 1468 1571 monstravit
1496 1502 1820 1573 Homerus.

130 1634 139 1641 .
171 1585 463 1655 Versibus
491 1589 800 1672 impariter
816 1591 1047 1675 junctis
1077 1589 1446 1673 querimonia
1473 1589 1752 1673 primum,

170 1671 315 1735 Post
343 1674 526 1737 etiam
554 1676 786 1744 inclusa
815 1683 910 1741 est
934 1675 1057 1743 voti
1085 1674 1383 1743 sententia
1412 1695 1650 1758 compos
1674 1695 1694 1754 ;

144 1755 316 1829 -Quis
346 1766 551 1823 tamen
580 1760 826 1843 exiguos
856 1762 1057 1843 elegos
1088 1761 1352 1833 emiserit
1379 1766 1614 1838 auctor,

170 1842 559 1909 Grammatici
590 1853 825 1913 certant
848 1851 917 1919 ,et
944 1844 1141 1915 adhuc
1172 1847 1284 1933 sub
1304 1845 1514 1931 judice
1543 1846 1616 1919 lis
1646 1853 1759 1912 est.

164 1928 596 1995 Archilochum
624 1932 861 2017 proprio
892 1931 1087 2001 rabies
1117 1931 1370 1995 armavit
1399 1931 1634 1994 iambo:

166 2012 347 2095 Hunc
380 2016 539 2080 socci
570 2037 786 2100 cepere
816 2013 1032 2101 pedem
1062 2010 1442 2099 grandesque
1474 2016 1772 2102 cothurni,

167 2100 437 2163 Alternis
467 2109 676 2185 aptum
705 2101 1071 2168 sermonibus
1102 2109 1165 2168 et
1192 2103 1510 2251 populares

171 2183 844 2271 Vincentenkstrepitus
875 2194 939 2253 et
966 2194 1175 2254 natum
1203 2210 1269 2251 re
1311 2208 1384 2252 us
1413 2186 1684 2271 agendis.

166 2268 343 2335 Musa
373 2271 545 2335 dedit
571 2272 788 2336 fidibus
818 2272 983 2347 divos
1012 2266 1347 2360 puerosque
1381 2272 1630 2340 ‚deorum

165 2354 246 2417 Et
273 2357 539 2440 pugilem
570 2358 855 2421 victorem
884 2365 948 2421 et
976 2380 1198 2443 equum
1227 2358 1554 2429 certamine
1583 2358 1841 2446 primum

165 2440 245 2503 Et
262 2443 562 2527 juvenum
592 2464 767 2516 curas
798 2451 861 2528 et
885 2444 1075 2518 libera¹
1105 2444 1245 2515 vina
1270 2444 1524 2509 referre.

163 2526 517 2611 Descriptus
546 2550 789 2592 servare
820 2528 982 2593 vices
1012 2550 1378 2613 operumque
1412 2528 1638 2600 colores
1710 2592 1714 2599 ,

166 2610 289 2675 Οιιι·
319 2634 433 2695 ego
484 2614 536 2677 si
564 2636 801 2699 nequeo
832 2614 1160 2700 ignoroque
1212 2620 1398 2699 poeta
1425 2612 1706 2687 salutor?

166 2696 293 2761 cur
318 2700 553 2762 nescire
607 2700 840 2784 pudens
869 2722 1055 2799 prave
1106 2722 1287 2783 quam
1312 2700 1546 2766 discere
1577 2698 1784 2788 malo?

162 2781 458 2861 Versibus
488 2786 702 2868 exponi
732 2786 975 2868 tragicis
1005 2807 1103 2852 res
1133 2782 1360 2857 comica
1387 2807 1508 2849 non
1535 2786 1708 2871 vu1t3

162 2867 527 2951 Indignatur
553 2871 699 2933 item
727 2871 970 2955 privatis
1000 2892 1072 2934 ac
1103 2892 1287 2957 prope
1318 2892 1494 2934 socco

160 2953 379 3037 Dignis
409 2956 766 3019 carminibus
794 2956 1025 3019 narrari
1043 2977 1244 3027 >coena
1266 2954 1599 3039 Thyestae.

165 3038 419 3121 Singula
446 3062 721 3124 quaeque
750 3042 947 3115 locum
974 3048 1224 3111 ‚teneant
1252 3042 1466 3107 sortita
1501 3040 1808 3109 decenter.
1875 3115 1880 3119 ,

162 3124 478 3188 Interdum
509 3133 713 3189 tamen
741 3134 804 3189 et
833 3147 1041 3205 voce-m
1071 3125 1376 3191 comoedia
1403 3125 1579 3205 tollit,

161 3209 485 3294 Iratusque
518 3211 807 3274 Chremes
836 3210 1062 3297 tumido
1094 3210 1371 3295 delitigat
1399 3232 1501 3275 ore
1529 3230 1546 3289 ;

162 3295 241 3359 Et
268 3297 544 3379 ,tragicus
573 3296 925 3381 plerumque
954 3297 1119 3362 dolet
1146 3318 1418 3369 sermone
1450 3295 1718 3381 pedestri

162 3380 463 3464 Telephus
493 3390 557 3445 et
584 3382 827 3461 Peleus,
857 3403 996 3457 cnm
1024 3404 1255 3467 pauper
1277 3390 1340 3447 et
1368 3383 1540 3447 exsul
1569 3390 1826 3467 uterque

162 3466 415 3550 Projicit
444 3468 733 3552 ampullas
759 3475 829 3551 ,et
858 3468 1299 3551 sesquipedalia
1327 3469 1534 3547 verba,

165 3550 225 3615 Si
257 3559 436 3617 curat
465 3573 570 3615 cor
590 3554 918 3635 spectantis
948 3554 1215 3637 tetigisse
1249 3555 1518 3639 querela.

164 3636 303 3701 Non
333 3639 479 3703 satis
510 3644 603 3701 est
630 3639 883 3721 pulchra
912 3660 1042 3706 esse
1072 3646 1349 3723 poemata
1375 3660 1392 3715 ;
1438 3637 1639 3703 dulcia
1666 3640 1846 3703 sunto

165 3722 241 3787 Et
295 3726 661 3807 quocunque
706 3726 909 3790 volent
958 3725 1218 3789 animum
1246 3725 1536 3789 auditoris
1565 3730 1812 3806 agunto·

166 3807 247 3871 Ut
277 3809 613 3889 ridentibus
642 3810 933 3887 arrident,
962 3810 1049 3874 ita
1074 3809 1597 3876 flentibus.adsunt
1652 3872 1664 3881 ,

165 3892 432 3958 Humani
463 3896 664 3959 vultus
689 3918 705 3959 ε
755 3896 805 3964 si
836 3897 925 3969 vis
954 3918 1048 3959 me
1079 3898 1223 3959 flere
1278 3895 1598 3959 dolendum
1638 3898 1733 3957 est

2137 392 2262 466 225

2080 1188 2257 1237 ·70

2026 3792 2066 3807 „
2149 3732 2244 3791 106
