2742 4417
377 334 458 396 16

1242 340 1589 389 CARMINUM

800 498 942 563 Fias
970 496 1296 561 recantatis
1329 495 1522 559 amica

891 583 1240 679 opprobriis
1269 582 1650 664 animumque
1681 578 1921 643 reddas.

1012 1008 1469 1076 OARMEN
1529 984 1810 1073 x'v11.
1892 1038 1900 1046 -

714 1354 938 1419 Venox
967 1372 1276 1416 amoenum
1309 1370 1489 1433 saepe
1520 1348 1886 1415 Lucretilem

711 1440 918 1505 Mutat
948 1438 1190 1522 Lycaeo
1217 1437 1465 1499 Faunus
1517 1446 1578 1501 et
1607 1438 1845 1519 igneam

798 1524 1090 1589 Defendit
1118 1530 1409 1586 aestatem
1438 1523 1683 1607 capellis

789 1636 796 1641 ·
887 1610 1099 1693 Usque
1129 1609 1276 1671 meis
1307 1608 1655 1692 pluviosque
1685 1612 1915 1671 ventos-

713 1695 971 1779 Impune
999 1704 1196 1757 tutum
1224 1715 1334 1777 per
1363 1714 1575 1755 nemus
1598 1692 1841 1756 arbutos

713 1781 1030 1857 Quaerunt
1055 1780 1313 1841 latentes
1344 1786 1408 1841 et
1436 1779 1645 1863 thyma
1675 1777 1885 1842 deviae

806 1865 1040 1930 Olentis
1071 1884 1284 1927 uxores
1311 1864 1533 1941 mariti,

883 1951 1020 2014 Nec
1054 1950 1275 2012 virides
1303 1954 1581 2011 metuunt
1609 1948 1883 2013 colubras

712 2036 850 2102 Nec
880 2034 1194 2099 Martiales
1221 2031 1553 2097 Haedileae
1582 2034 1775 2116 lupos,

707 2122 1034 2205 Utcunque
1065 2120 1249 2197 dulci,
1279 2117 1569 2203 Tyndari,
1598 2120 1799 2191 fistula

796 2207 1009 2274 Valles
1039 2213 1103 2268 et
1131 2204 1379 2269 Usticae
1410 2204 1683 2267 cubantis

883 2290 1109 2355 Laevia
1135 2310 1497 2388 personuere
1528 2310 1693 2351 saxa.
1786 2350 1789 2353 ,

706 2378 789 2444 Di
817 2399 912 2441 me
945 2384 1210 2454 tuentur,
1243 2375 1333 2437 dis
1376 2374 1567 2457 pietas
1596 2394 1759 2456 mea⁴

707 2465 792 2529 Et
821 2463 996 2526 Musa
1027 2461 1193 2525 cordi
1221 2469 1334 2524 est.
1425 2459 1545 2523 Hic
1580 2460 1687 2523 tibi
1716 2459 1887 2543 copia

789 2548 1066 2614 Manabit
1095 2547 1171 2609 ad
1202 2548 1444 2631 plenum
1474 2546 1731 2628 benigno

877 2634 1060 2697 Ruris
1089 2635 1377 2696 honorum
1406 2633 1687 2712 opulenta
1717 2652 1925 2695 cornu.

707 2719 830 2783 Hic
861 2719 924 2782 in
950 2718 1206 2782 reducta
1233 2719 1389 2780 valle
1420 2715 1747 2781 Caniculae

706 2805 948 2871 Vitabis
979 2810 1180 2867 aestus
1233 2812 1297 2865 et
1323 2802 1443 2865 fide
1474 2802 1625 2864 Tei‘a

713 2956 722 2964 ,
793 2891 977 2959 Dices
1005 2888 1390 2952 laborantes
1373 2910 1435 2950 in
1466 2908 1584 2951 uno

878 2976 1225 3073 Penelopen
1255 2974 1625 3055 vitreamque
1659 2972 1911 3059 Circen3

705 3058 870 3125 Hm*
855 3060 1186 3123 innocentis
1209 3058 1431 3142 pocula
1460 3057 1660 3120 Lesbii

705 3148 912 3212 Duces
941 3145 1050 3209 sub
1079 3146 1314 3226 umbra,
1380 3165 1491 3207 nec
1527 3141 1858 3206 Semeleius

789 3230 946 3296 Cum
974 3228 1176 3293 Marte
1208 3230 1535 3294 confundet
1562 3229 1887 3311 Thyoneus

878 3316 1138 3393 Proelia,
1168 3336 1280 3377 nec
1311 3322 1543 3378 metues
1572 3321 1915 3411 protervum

708 3400 1004 3485 Suspecta
1033 3398 1286 3499 Cyrum3
1313 3421 1389 3461 ne
1412 3400 1573 3462 male
1603 3397 1829 3482 dispari

705 3487 1157 3552 Ineontinentes
1187 3485 1415 3569 injiciat
1443 3505 1655 3547 manus

790 3573 876 3637 Et
903 3571 1140 3635 scindat
1167 3571 1517 3635 haerentem
1546 3589 1823 3633 eoronam

876 3656 1155 3721 Crinibus
1205 3656 1679 3741 immeritamque
1710 3661 1961 3719 vestem,

2228 2123 2447 2191 --ιο

2380 2525 2451 2615 15.
