2742 4417
894 340 1026 387 LIB.
1069 338 1176 387 ΠΙ.
1225 340 1423 388 cARM.
1471 338 1632 388 X'XL

651 490 806 557 Cum
835 514 986 578 pace
1018 494 1350 559 delabentis
1383 495 1709 560 Etruscum

733 579 810 643 In
839 600 1028 659 mare,
1055 601 1218 643 nunc
1249 581 1483 665 lapides
1512 582 1723 673 adesos

569 662 922 748 stirpesque
953 674 1158 749 raptas
1211 673 1275 731 et
1301 688 1489 751 pecus
1520 676 1583 731 et
1610 668 1823 734 domus

383 724 538 846 ᾖ)
566 748 886 814 Volventis
913 772 1039 814 una
1087 772 1208 815 non
1237 753 1364 816 sine
1389 754 1681 817 montium

649 835 927 900 Clamore
958 837 1310 922 vicinaeque
1338 840 1551 919 silvae,

733 919 890 983 Cum
919 922 1056 987 sera
1084 924 1340 987 diluvies
1369 924 1608 1007 quietos

561 1004 777 1069 Irritat
801 1026 1032 1070 amnes,
1121 1008 1236 1072 Ille
1267 1016 1478 1092 potens
1504 1010 1600 1073 sui

564 1092 910 1175 Laetusque
943 1092 1149 1175 deget,
1176 1095 1278 1157 cui
1303 1096 1451 1158 licet
1477 1096 1541 1158 in
1572 1094 1731 1158 diem

646 1177 886 1241 Dixisse
941 1176 1122 1243 Vixi:
1173 1200 1306 1243 cras
1337 1181 1434 1243 vel
1464 1190 1596 1245 atra

649 1266 682 1285 ²
730 1263 914 1327 Nube
938 1266 1144 1349 polum
1177 1266 1365 1328 Pater
1389 1274 1775 1350 OQthl...
1814 1302 1914 1327 ,w
1934 1270 1966 1320 Ρ
2026 1304 2039 1323 2

515 1352 528 1396 ί
560 1346 682 1412 Vel
711 1350 834 1412 sole
869 1370 1058 1433 puro3
1107 1372 1224 1434 non
1254 1359 1455 1414 tamen
1484 1354 1719 1416 irritum
1780 1390 1791 1397 -

565 1432 981 1518 Quodcunque
1008 1444 1174 1498 retro
1204 1445 1297 1499 est
1350 1439 1589 1517 efficiet,
1614 1458 1817 1523 nequa

495 1534 504 1541 ’
652 1520 944 1603 Diffinget
969 1521 1375 1605 infectumque
1408 1523 1624 1586 reddet

728 1604 902 1679 Quod
933 1608 1172 1691 fugiens
1203 1610 1389 1671 semel
1419 1609 1567 1671 hora
1596 1608 1781 1677 vexit.

559 1688 832 1755 Fortuna
859 1713 1040 1756 saevo
1068 1694 1230 1757 laeta
1258 1696 1499 1776 negotio
1553 1702 1616 1757 et

561 1775 803 1840 laudum
833 1777 1188 1842 insolentem
1217 1779 1427 1842 ludere
1459 1780 1735 1863 pertinax

647 1862 1035 1927 Transmutat
1063 1866 1321 1927 incertos
1355 1865 1630 1943 honores,

727 1948 791 2010 N
795 1970 912 2012 unc
943 1950 1108 2029 mihi,
1137 1971 1299 2013 nunc
1331 1952 1431 2014 alii
1462 1951 1742 2034 benigna.

561 2030 775 2097 Laudo
802 2043 1185 2113 manentem3
1231 2036 1282 2099 si
1305 2038 1534 2099 celeres
1566 2036 1762 2120 quatit

559 2118 804 2183 Pennas
856 2120 1096 2204 resigno
1127 2142 1283 2204 quae
1315 2121 1505 2199 dedit,
1536 2131 1598 2185 et
1627 2142 1762 2187 mea
1798 2122 1803 2129 ’

561 2254 573 2265 .
605 2242 618 2255 ·
647 2204 896 2270 Virtute
927 2228 1024 2271 me
1054 2208 1289 2271 involvo
1341 2209 1708 2291 probamque

728 2291 1091 2376 Pauperiem
1121 2293 1248 2357 sine
1280 2292 1421 2357 dote
1452 2315 1698 2376 quaero.

557 2374 701 2440 Non
730 2387 824 2441 est
849 2376 1050 2443 meum'
1103 2378 1154 2441 si
1183 2379 1411 2460 mugiat
1441 2380 1669 2443 Africis

558 2460 763 2526 Malus
795 2465 1076 2547 procellis
1131 2463 1209 2527 ad
1236 2465 1487 2528 miseras
1517 2484 1727 2548 preces

645 2547 1016 2628 Decurrere‚
1047 2556 1112 2612 et
1141 2550 1294 2613 votis
1323 2550 1546 2634 pacisci

729 2634 828 2699 Ne
864 2634 1126 2719 Cypriae
1156 2635 1502 2720 Tyriaeque
1532 2653 1767 2698 merces

558 2718 816 2783 Addant
843 2740 1028 2784 avaro
1058 2720 1296 2783 divitias
1325 2722 1508 2785 mari:
1610 2726 1625 2741 ’

558 2804 729 2869 Tunc
759 2826 855 2869 me
909 2806 1150 2870 biremis
1179 2807 1475 2889 praesidio
1504 2806 1763 2888 scaphae

642 2891 866 2956 Tutum
920 2914 1032 2976 per
1059 2893 1348 2975 Aegaeos
1379 2894 1671 2955 tumultus

726 2977 906 3042 Aura
934 2978 1094 3042 feret
1123 2978 1519 3063 geminusque
1550 2978 1785 3041 Pollux.

843 3402 1146 3469 GARM
1176 3404 1320 3469 EN
1384 3398 1664 3467 XXX.

551 3574 768 3639 EXEGI
796 3582 1239 3639 monumentum
1264 3598 1406 3639 aere
1425 3572 1747 3658 perennius

499 3678 520 3697 ·
550 3660 890 3746 Regalique
920 3662 1039 3725 situ
1068 3662 1445 3745 pyramidum
1478 3658 1675 3737 altius,

555 3745 730 3820 Quod
761 3770 881 3811 non
909 3748 1101 3811 imber
1129 3746 1306 3829 edax,
1331 3760 1450 3809 non
1482 3744 1706 3827 Aquilo
1726 3743 2021 3828 impotens

554 3831 757 3898 Possit
785 3834 1028 3898 diruere
1082 3842 1190 3896 aut
1216 3830 1667 3895 innumerabilis

2238 520 2303 568 δῖ

2239 948 2303 995 40

2239 2218 2307 2269 65

2234 2649 2305 2698 60
