2742 4417
992 910 1067 989 Q.
1143 891 1526 979 HORATII
1594 912 1915 979 FLAcct

748 1107 2162 1253 SATIRARUM

1100 1424 1334 1479 LIBER
1383 1425 1804 1483 SECUNDUS.

1300 1634 1611 1690 ——0—

1114 1813 1157 1949 f
1199 1852 1583 1919 SATIRA
1641 1852 1711 1919 1.
1787 1828 1791 1834 ’

406 2060 450 2093 “
471 2054 646 2120 Sum
674 2054 892 2139 quibus
921 2054 984 2117 in
1014 2060 1201 2118 satlra
1230 2053 1439 2118 videor
1466 2054 1644 2119 nimis
1674 2076 1817 2119 acer
1844 2062 1909 2119 et
1936 2057 2102 2123 filtra

405 2140 638 2225 Legem
669 2141 919 2205 tendere
952 2162 1101 2225 opus
1129 2161 1145 2217 ;
1189 2140 1317 2204 sine
1350 2142 1552 2205 nervis
1584 2143 1777 2205 altera
1807 2144 2104 2229 quidquid

408 2227 729 2313 Composui
758 2249 900 2312 pars
931 2249 1063 2291 esse
1095 2234 1293 2311 putat,
1324 2228 1668 2311 similesque
1698 2249 1969 2293 meorum

404 2314 578 2379 Mille
611 2314 709 2378 die
740 2336 951 2379 versus
982 2313 1202 2377 deduci
1232 2334 1428 2397 posse.
1525 2314 1794 2395 Trebati,

407 2399 568 2475 Quid
590 2400 809 2465 faciam
832 2399 1247 2483 praescribe.''
1298 2405 1339 2437 “
1364 2399 1715 2475 Quiescas.”
1765 2406 1805 2439 “
1828 2401 1928 2465 Ne
1953 2403 2194 2486 faciam,
2216 2405 2442 2493 inquis,
2471 2432 2508 2481 ε

408 2486 668 2551 Omnino
698 2508 909 2552 versus
935 2486 961 2550 ’ἓ
984 2487 1023 2517 ”
1101 2491 1141 2523 “
1167 2485 1355 2549 Αἱο.”
1434 2492 1475 2523 “
1498 2484 1758 2551 Peream
1786 2489 1942 2552 male
1974 2489 2025 2553 si
2052 2512 2175 2555 non

408 2573 719 2659 Optimum
750 2580 923 2637 erat:
973 2594 1183 2636 verum
1214 2594 1451 2657 nequeo
1481 2572 1810 2637 dormire.''
1901 2579 1943 2613 “
1969 2576 2092 2641 Ter
2117 2580 2289 2645 uncti

405 2660 788 2723 Transnanto
818 2659 1082 2722 Tiberim
1111 2680 1315 2723 somno
1346 2656 1564 2743 qiiibus
1595 2666 1690 2723 est
1717 2681 1869 2744 opus
1897 2664 2042 2743 alto,

403 2746 834 2829 Irriguumque
866 2766 1032 2809 mero
1062 2746 1173 2808 sub
1202 2752 1442 2808 noctem
1474 2766 1692 2829 corpus
1720 2746 2004 2813 habento.

405 2833 541 2896 Aut
570 2833 620 2895 si
650 2839 854 2895 tantus
885 2827 1053 2895 amor
1082 2831 1386 2895 scribendi
1418 2838 1479 2895 te
1511 2832 1672 2915 rapit
1701 2833 1860 2897 aude

407 2918 686 2983 Caesaris
715 2918 924 2981 invicti
953 2938 1052 2981 res
1082 2917 1309 2997 dicere,
1340 2918 1532 2981 multa
1559 2919 1829 2983 laborum
2079 2996 2086 3003 .

406 3004 689 3069 Praemia
714 3003 1016 3069 laturuS.”
1108 3008 1149 3040 ‘⁴
1179 3002 1504 3087 Cupidum,
1533 3012 1710 3088 pater
1737 3006 1982 3091 optime,
2013 3006 2175 3073 vires

404 3092 755 3157 Deficiunt:
802 3111 999 3173 neque
1032 3089 1192 3152 enim
1221 3090 1417 3173 quivis
1445 3091 1753 3154 horrentia
1781 3092 1918 3177 pilis
2221 3089 2246 3119 ⁴·

402 3179 675 3262 Agmina
702 3198 817 3241 neo
849 3176 1046 3239 fracta
1073 3182 1398 3259 pereuntes
1429 3177 1678 3262 cuspide
1711 3178 1918 3242 Gallos

403 3266 540 3329 Aut
566 3264 826 3328 labentis
856 3284 1013 3346 equo
1042 3262 1347 3327 describat
1377 3264 1632 3327 vulnera
1661 3264 1941 3328 Parthi.”

404 3357 447 3389 “
470 3352 767 3415 Attamen
786 3356 862 3413 'et
879 3349 1115 3433 justum
1144 3346 1388 3433 poteras
1418 3356 1482 3413 et
1511 3351 1774 3414 scribere
1805 3351 2044 3432 fortem,

409 3436 753 3521 Scipiadem
784 3444 855 3499 ut
883 3436 1122 3519 sapiens
1152 3435 1488 3509 Lucilius.’'
1579 3441 1620 3474 ‘⁴
1643 3436 1832 3500 Haud
1861 3438 2005 3501 mihi
2035 3438 2222 3505 deero

406 3523 563 3588 Cum
592 3544 692 3587 res
720 3523 853 3607 ipsa
880 3523 1059 3586 feret.
1150 3522 1290 3586 Nisi
1320 3522 1534 3586 dextro
1563 3530 1831 3606 tempore
1867 3524 2079 3589 Flacci

404 3610 618 3676 Verba
646 3631 759 3693 per
786 3615 1085 3673 attentam
1114 3631 1234 3672 non
1263 3608 1741 3689 ibunt-Caesaris
1771 3632 2006 3688 aurem,

408 3696 525 3763 Cui
552 3696 709 3761 male
738 3696 791 3760 si
819 3696 1065 3779 palpere
1096 3696 1443 3760 recalcitrat
1473 3696 1740 3779 undique
1772 3696 2000 3761 tutus.'’

405 3790 449 3823 ‘⁶
474 3783 715 3859 Quanto
744 3784 972 3847 rectius
999 3784 1114 3847 hoc
1146 3804 1327 3866 quam
1358 3782 1519 3845 tristi
1547 3782 1791 3846 laedere
1822 3805 2005 3847 versu

378 3870 827 3961 ‘Pantolabum
856 3890 1133 3934 scurram
1162 3868 1733 3955 Mmentanmnque
1760 3880 2054 3956 nepotem,

2438 2859 2510 2909 10

2437 3291 2508 3339 15
