2742 4417
1283 160 1318 189 Ο

885 340 1016 386 LIB.
1063 342 1158 387 Iv.
1207 342 1404 389 cARM.
1451 343 1575 399 1v.,

877 612 1617 732 GARMENIVs

604 1006 882 1081 QUALEM
911 1004 1248 1069 ministrum
1276 1005 1540 1071 fulminis
1570 1007 1796 1090 alitem,

597 1092 712 1157 Cui
743 1113 849 1154 rex
879 1090 1126 1153 deorum
1158 1112 1411 1173 regnum
1441 1093 1502 1155 in
1532 1112 1675 1157 aves
1705 1115 1891 1180 vagas

687 1176 973 1241 Permisit
1017 1183 1302 1259 expertus
1328 1177 1569 1241 fidelem

717 1314 724 1319 .
769 1260 814 1326 J
818 1260 1058 1345 uppiter
1083 1262 1148 1325 in
1183 1260 1543 1347 Ganymede
1573 1264 1750 1344 flavo,

602 1346 761 1411 Olim
781 1348 1066 1430 juventas
1095 1354 1160 1410 et
1186 1348 1417 1430 patrius
1447 1348 1617 1431 vigor

599 1433 765 1497 Nido
793 1432 1062 1496 laborum
1092 1432 1352 1516 propulit
1380 1433 1655 1512 inscium,

687 1517 1002 1599 Vernique
1044 1519 1175 1603 jam
1203 1518 1418 1581 nimbis
1446 1520 1689 1583 remotis

771 1602 1050 1666 Insolitos
1079 1602 1338 1667 docuere
1367 1604 1532 1667 nisus

537 1702 549 1710 '
597 1686 792 1753 ‘Venti
821 1696 1162 1771 paventem,
1190 1710 1328 1751 mox
1355 1690 1421 1752 in
1448 1689 1626 1753 ovilia

602 1773 862 1838 Demisit
889 1774 1120 1837 hostem
1150 1774 1385 1837 vividus
1410 1775 1693 1857 impetus,

685 1859 870 1923 Nunc
901 1858 966 1921 in
994 1860 1361 1923 reluctantes
1391 1860 1681 1923 dracones

775 1943 924 2026 Egit
953 1966 1118 2007 amor
1147 1944 1318 2029 dapis
1339 1952 1531 2029 atque
1564 1965 1801 2028 pugnae
1827 1963 1847 2009 ε

601 2029 930 2104 Qualemve
961 2031 1136 2093 laetis
1166 2051 1389 2113 caprea
1422 2031 1657 2113 pascuis

604 2115 854 2180 Intenta.
882 2116 1080 2179 fulvae
1105 2116 1320 2182 ¹matris
1349 2117 1424 2179 ab
1453 2118 1639 2179 ubere

682 2201 728 2265 J
731 2222 828 2265 am
857 2202 1014 2265 lacte
1045 2201 1360 2285 depulsum
1398 2203 1631 2265 leonem

779 2286 978 2353 Dente
1008 2308 1162 2349 novo
1192 2288 1462 2369 peritura
1515 2287 1703 2351 vidit:

604 2371 836 2435 Videre
868 2372 1078 2435 Raetis
1105 2372 1264 2436 bella
1293 2372 1403 2435 sub
1434 2372 1721 2455 Alpibus·

603 2456 873 2521 Drusum
901 2465 1212 2539 gerentem
1241 2457 1545 2522 Vindelici
1572 2459 1898 2543 ;——quibus

688 2542 826 2607 Mos
855 2542 1016 2605 unde
1047 2542 1342 2607 deductus
1372 2564 1482 2626 per
1510 2564 1685 2607 omne

565 2700 574 2709 ,
777 2628 1040 2711 Tempus
1066 2628 1399 2691 Amazonia
1426 2628 1625 2691 securi

603 2712 870 2777 Dextras
899 2713 1169 2777 obarmet
1220 2735 1512 2796 quaerere
1544 2714 1775 2795 distuli,

603 2796 742 2861 Nec
771 2799 925 2861 scire
955 2799 1048 2861 fas
1077 2806 1169 2863 est
1197 2799 1397 2863 omnia
1421 2800 1648 2874 ;—sed
1676 2800 1783 2865 diu

689 2880 962 2966 Lateque
994 2884 1272 2948 victrices
1302 2892 1584 2949 catervae

663 2980 676 2991 ‘
780 2966 1054 3033 Consiliis
1073 2970 1314 3053 juvenis
1343 2970 1609 3033 revictae

605 3052 866 3117 Sensere
919 3053 1063 3136 quid
1093 3076 1260 3117 mens
1291 3055 1431 3134 rite,
1454 3056 1597 3137 quid
1619 3055 1849 3121 indoles
1932 3032 1971 3075 ⁷

607 3138 870 3217 Nun-ita
889 3140 1100 3203 faustis
1128 3140 1240 3202 sub
1269 3141 1675 3223 penetralibus

689 3223 928 3302 Posset,
959 3224 1105 3306 quid
1133 3225 1402 3307 Augusti
1432 3235 1717 3307 paternus

780 3308 858 3373 In
891 3330 1108 3393 pueros
1137 3310 1370 3373 animus
1398 3309 1698 3375 Nerones·

608 3392 826 3457 Fortes
855 3402 1138 3459 creantur
1168 3396 1421 3459 fortibus
1450 3396 1709 3459 ethonis
1736 3413 1755 3470 ;

609 3478 725 3543 Est
755 3479 816 3541 in
836 3481 1138 3564 juvenis,
1167 3488 1260 3545 est
1282 3481 1344 3543 in
1373 3482 1545 3564 equis
1588 3489 1827 3564 patrum

696 3563 936 3643 Virtus,
963 3586 1160 3648 neque
1190 3566 1489 3629 imbellem
1518 3566 1749 3629 feroces

601 3727 607 3733 ι
783 3650 1202 3733 Progenerant
1229 3652 1465 3733 aquilae
1496 3651 1870 3718 columbam:

609 3730 904 3799 Doctrina
931 3735 1040 3801 sed
1072 3736 1191 3799 vim
1220 3744 1529 3821 promovet
1556 3736 1815 3816 insitam,

613 3819 918 3906 Rectique
948 3823 1146 3887 cultus
1173 3831 1421 3907 pectora
1448 3820 1773 3901 roborant3

2172 329 2254 395 87

2191 1778 2252 1845 11>

2192 2219 2255 2268 15
