2742 4417
427 312 512 376 86

1295 327 1644 375 CARMINUM

731 526 739 532 -
845 480 1054 553 ‚Matre
1095 480 1203 565 qui
1243 481 1427 564 largis
1448 483 1791 565 juvenescit
1816 482 2019 549 herbis

1193 568 1273 630 In
1293 589 1431 630 mea
1461 576 1619 646 vota,

849 652 1075 715 Fronte
1106 661 1385 716 curvatos
1413 653 1681 745 imitath
1708 653 1881 736 ignes

851 737 1122 801 Tertium
1179 738 1360 801 lunae
1391 739 1708 802 referentis
1736 748 1959 821 ortum,

854 820 992 897 Qua
1019 830 1221 887 notam
1250 823 1423 885 duxit
1449 824 1663 887 niveus
1690 824 1885 888 videri

1194 906 1419 972 Cetera
1450 909 1670 973 fulvus.

1089 1335 1569 1403 GARMEN
1626 1338 1821 1403 ΙΙΙ.

850 1680 1044 1757 QUEM
1073 1695 1160 1762 tu,
1189 1680 1595 1763 Melpomene,
1622 1681 1809 1744 semel

761 1765 1134 1831 Nascentem
1163 1766 1399 1851 placido
1426 1765 1649 1828 lumine
1679 1766 1949 1848 videris‚·

849 1853 1032 1915 Illum
1058 1874 1178 1916 non
1205 1852 1372 1915 labor
1401 1851 1690 1915 Isthmius

763 1936 1034 2005 Clarabit
1061 1938 1348 2023 pugilem,
1378 1956 1499 1999 non
1528 1958 1719 2021 equus
1746 1936 2004 2022 impiger

850 2023 1049 2088 Curru
1078 2024 1262 2087 ducet
1288 2022 1563 2086 Achaico

759 2107 1095 2187 Victorem,
1125 2128 1322 2191 neque
1352 2129 1453 2171 res
1481 2107 1695 2171 bellica
1721 2106 1914 2172 Deliis

850 2194 1147 2259 Ornatum
1169 2195 1322 2257 foliis
1355 2194 1593 2269 ducem,
1732 2244 1739 2249 .
1848 2220 1855 2227 ·

763 2278 940 2354 Quod
970 2301 1179 2363 regum
1208 2280 1468 2343 tumidas
1498 2276 1839 2341 contuderit
1864 2276 2080 2359 minas,

853 2363 1151 2429 Ostendet
1179 2364 1471 2449 Capitolio
1496 2386 1512 2427 ε

764 2449 888 2515 Sed
919 2472 1073 2536 quae
1103 2450 1289 2514 Tibur
1319 2470 1513 2533 aquae
1542 2448 1741 2511 fertile
1768 2449 2109 2533 praefluunt

847 2536 930 2599 Et
958 2536 1182 2620 spissae
1209 2556 1518 2599 nemorum
1548 2554 1753 2609 comae

759 2621 1024 2704 Fingent
1049 2621 1264 2685 Aeolio
1294 2621 1558 2705 carmine
1586 2620 1864 2683 nobilem.

844 2706 1072 2769 Romae
1101 2706 1386 2790 principis
1416 2706 1653 2768 urbium
1936 2706 1947 2717 ’

760 2792 1066 2873 Dignatur
1093 2791 1324 2855 suboles
1349 2792 1511 2855 inter
1540 2791 1824 2871 amabiles

843 2876 1072 2941 Vatum
1103 2897 1324 2960 ponere
1352 2898 1451 2940 me
1486 2878 1719 2954 ehoroS,

761 2961 847 3025 Et
877 2962 994 3025 ‘am
1023 2961 1203 3024 dente
1233 2962 1428 3025 minus
1456 2962 1733 3026 mordeor
1760 2962 1982 3026 invido·

909 3093 928 3127 ,
963 3048 1280 3111 testudinis
1311 3068 1531 3111 aureae

758 3130 1018 3196 Dulcem
1047 3154 1204 3216 quae
1233 3134 1572 3216 strepitum,
1603 3132 1791 3215 Pieri,
1820 3138 2145 3218 temperas,

847 3216 904 3281 Ο
955 3219 1136 3281 mutis
1161 3240 1401 3301 quoque
1432 3219 1693 3302 piscibus

761 3301 1077 3367 Donatura
1105 3305 1304 3387 cycni,
1334 3304 1386 3367 si
1414 3304 1621 3382 libeat,
1648 3324 1884 3384 sonum,

848 3386 1065 3452 Totum
1093 3389 1358 3452 muneris
1386 3390 1498 3452 hoe
1528 3389 1619 3452 tui
1649 3399 1785 3454 est:

760 3470 937 3546 Quod
963 3483 1259 3538 monstror
1287 3473 1474 3557 digito
1500 3472 2017 3558 praetereuntium

847 3558 1152 3623 Romanae
1181 3560 1403 3623 fidicen
1430 3560 1623 3644 lyrae,

762 3640 938 3717 Quod
965 3645 1124 3730 spiro
1154 3652 1217 3709 et
1245 3646 1477 3730 placeo,
1504 3645 1557 3709 si
1582 3645 1819 3731 placeo,
1835 3651 2009 3710 tuum
2037 3652 2150 3722 est,

2452 506 2517 556 55

2436 2467 2498 2517 1⁰

2434 2892 2496 2940 15
