2742 4417
443 351 593 420 -172
1317 363 1691 413 mmmmm

1219 697 1604 764 SATIRA
1662 697 1805 762 VI.

458 875 603 940 Hoc
637 880 769 956 erat
799 873 861 938 in
891 873 1084 937 votis:
1130 871 1342 935 modus
1375 872 1506 954 agri
1537 893 1656 934 non
1686 871 1775 934 ita
1804 891 2085 954 magnus‘

458 964 692 1027 Hortus
725 962 826 1024 ubi
859 968 922 1024 et
951 967 1116 1024 tecto
1150 960 1381 1022 vicinus
1402 959 1799 1042 jugisaquae
1831 959 1963 1021 fons

458 1049 544 1113 Et
573 1049 815 1133 paulum
848 1049 1032 1111 silvae
1065 1068 1251 1129 super
1279 1046 1372 1108 his
1404 1047 1577 1108 foret.
1670 1045 1934 1108 Auctius
1966 1051 2150 1130 atque

457 1133 537 1198 Di
570 1135 782 1214 melius
813 1136 1037 1197 fecere.
1122 1133 1294 1194 Bene
1327 1139 1436 1194 est.
1530 1131 1636 1194 Nil
1670 1132 1924 1214 amplius
1956 1153 2083 1209 Orc,
2140 1165 2145 1170 ·

443 1221 634 1284 -Maia
655 1230 820 1298 nate,
855 1221 966 1283 nisi
997 1227 1065 1281 ut
1095 1219 1337 1302 propria
1367 1219 1518 1280 haec
1550 1219 1695 1280 mihi
1725 1239 1979 1281 munera
2007 1219 2183 1283 faxis.

461 1307 528 1370 Si
559 1329 756 1391 neque
788 1308 1075 1391 majorem
1106 1305 1225 1367 feci
1257 1306 1487 1366 rat-ione
1518 1306 1677 1366 mala
1710 1326 1835 1367 rem

455 1394 594 1458 Nec
626 1416 754 1457 sum
787 1395 1066 1456 facturus
1093 1393 1234 1454 vitio
1265 1393 1521 1474 culpave
1553 1392 1887 1453 minorem·
1872 1440 1887 1467 ,

459 1481 526 1544 Si
559 1503 811 1544 veneror
841 1481 1060 1543 stultus
1090 1479 1237 1540 nihil
1267 1479 1525 1540 horum:
1576 1483 1615 1514 ‘⁴
1638 1475 1693 1540 Ο
1725 1478 1777 1540 si
1808 1476 2068 1560 angulus
2097 1480 2199 1543 ille

455 1567 771 1631 Proximus
801 1567 1056 1630 accedat
1085 1566 1189 1648 qui
1221 1585 1380 1627 nunc
1412 1565 1728 1626 denormat
1756 1533 2061 1647 agellum!

454 1653 510 1718 O
544 1656 594 1718 si
625 1676 838 1716 urnam
869 1653 1105 1735 argenti
1135 1653 1258 1714 fors
1289 1671 1447 1734 quae
1480 1651 1621 1712 mihi
1652 1659 1966 1733 monstret,
1996 1660 2067 1716 ut
2091 1653 2178 1717 illi

453 1741 762 1804 Thesauro
794 1741 1036 1802 invento
1067 1739 1170 1821 qui
1202 1738 1614 1800 mercenarius
1648 1759 1861 1819 agrum

451 1827 635 1890 Illum
665 1827 859 1909 ipsum
888 1836 1191 1888 mercatus
1224 1825 1442 1901 aravit,
1474 1824 1641 1886 dives
1684 1825 1875 1888 amico

451 1911 761 1978 Hercule!
788 1912 829 1942 ’'
877 1913 928 1976 si
959 1911 1119 1996 quod
1151 1911 1322 1973 adest
1353 1917 1594 1993 gratum
1616 1911 1814 1995 juvat,
1847 1912 1961 1976 hac
1994 1933 2177 1995 prece
2208 1919 2269 1976 te
2302 1934 2448 1978 oro:

451 1998 688 2082 Pingue
721 2021 906 2081 pecus
938 1999 1174 2061 domino
1204 1997 1395 2060 facias
1425 2005 1489 2060 et
1520 2006 1727 2060 cetera
1756 2005 2007 2077 praeter

437 2083 793 2168 Ingenium,
825 2093 1015 2185 utque
1048 2087 1206 2148 soles
1237 2094 1439 2148 custos
1470 2087 1613 2148 mihi
1646 2087 1942 2149 maximus
1972 2085 2155 2151 adsis,

451 2171 620 2254 Ergo
651 2171 752 2234 ubi
782 2193 878 2234 me
903 2173 964 2234 in
993 2178 1226 2232 montes
1257 2178 1321 2232 et
1348 2170 1411 2230 in
1442 2191 1644 2232 arcem
1677 2192 1751 2232 ex
1780 2172 1929 2233 urbe
1963 2172 2211 2253 removi,

451 2257 612 2330 Quid
645 2259 808 2341 prius
839 2247 1131 2321 illustrem
1163 2256 1360 2319 satiris
1392 2277 1683 2339 musaque
1716 2256 2032 2340 pedestri?

448 2343 587 2408 Nec
618 2347 776 2408 mala
805 2366 900 2407 me
933 2345 1176 2407 ambitio
1207 2343 1427 2426 perdit
1439 2365 1550 2405 nec
1584 2342 1899 2426 plumbeus
1930 2345 2164 2408 Auster

451 2433 959 2515 Auctumnusque
993 2431 1217 2514 graviS,
1251 2429 1549 2492 Libitinae
1582 2437 1870 2512 quaestus
1903 2432 2179 2496 acerbae.

371 2573 376 2580 .
433 2517 755 2582 *Matutine
790 2529 983 2601 pater,
1015 2540 1122 2581 seu
1152 2517 1313 2580 June
1346 2517 1628 2579 libentius
1669 2517 1864 2591 audiS‚

448 2603 634 2669 Unde
664 2606 932 2668 homines
963 2625 1207 2687 operum
1241 2604 1462 2686 primos
1495 2603 1773 2702 vitaeque
1804 2603 2040 2668 labores

447 2689 808 2770 Instituunt‚
839 2692 924 2754 sic
957 2692 1048 2754 dis
1082 2691 1391 2775 placitum,
1425 2698 1492 2754 tu
1522 2691 1801 2752 carminis
1832 2699 1961 2754 esto

448 2777 842 2877 Principium.
936 2778 1164 2840 Romae
1197 2794 1542 2860 sponsorem
1574 2797 1670 2838 me
1702 2777 1882 2859 rapis.
1977 2777 2115 2862 Eja,

448 2862 550 2926 Ne
583 2864 745 2946 prior
775 2859 964 2926 &fficio
996 2865 1311 2946 quisquam
1341 2863 1727 2945 respondeat,
1757 2884 1930 2945 urge.

449 2947 594 3013 Sive
628 2949 851 3033 Aquilo
883 2950 1044 3013 radit
1076 2959 1268 3013 terras
1299 2972 1408 3012 seu
1438 2951 1653 3012 bruma
1681 2950 1942 3012 nivalem

448 3033 746 3100 Interiore
779 3036 937 3099 diem
972 3059 1122 3121 gyro
1157 3037 1409 3113 trahit,
1394 3058 1481 3098 ire
1514 3057 1763 3099 necesse
1797 3044 1906 3099 est.

446 3123 796 3203 Postmod0‚
829 3123 990 3223 qouod
1023 3125 1101 3185 mi
1133 3124 1288 3186 obsit
1320 3125 1481 3186 clare
1510 3132 1869 3206 certumque
1902 3124 2125 3203 locut0,

445 3209 875 3275 Luctandum
861 3231 923 3272 ιιι
958 3211 1134 3273 turba
1165 3219 1229 3272 et
1257 3209 1583 3272 facienda
1568 3211 1787 3294 injuria
1820 3210 2025 3272 tardis.
2080 3239 2087 3244 ·

445 3303 486 3334 “
516 3297 678 3372 Quid
711 3297 819 3374 viS‚
851 3297 1083 3375 insane,
1117 3305 1180 3360 et
1211 3318 1360 3380 quas
1394 3318 1491 3360 res
1522 3296 1694 3379 agis?
1715 3297 1753 3330 '’
1801 3297 2105 3386 improbus
2137 3304 2318 3381 urget

443 3383 629 3449 Iratis
661 3384 983 3466 precibus·
969 3431 984 3458 ,
1033 3390 1164 3446 “tu
1195 3385 1397 3466 pulses
1429 3405 1602 3446 omne
1634 3382 1796 3467 quod
1828 3371 2047 3462 obstat,

441 3471 551 3534 Ad
582 3470 1002 3532 Maecenatem
1035 3469 1284 3534 memori
1311 3470 1364 3533 si
1394 3478 1595 3532 mente
1632 3491 1912 3533 recurras
1934 3469 1959 3532 ἲ
1983 3470 2022 3499 ”

442 3555 583 3619 Hoc
604 3557 784 3640 juvat
815 3564 878 3620 et
907 3557 1068 3619 melli
1102 3566 1234 3633 est3
1278 3579 1399 3619 non
1429 3558 1703 3618 mentiar.
1796 3557 1887 3619 At
1916 3557 2093 3620 simul
2123 3563 2286 3622 atras

441 3641 714 3705 Ventum
747 3650 841 3706 est
873 3643 1174 3726 Esquilias
1207 3644 1403 3706 aliena
1431 3644 1675 3726 negotia
1707 3650 1951 3706 centum

442 3727 568 3792 Per
599 3737 783 3812 caput
815 3736 877 3792 et
907 3730 1069 3792 circa
1101 3731 1323 3793 saliunt
1352 3731 1560 3794 latus..
1625 3734 1666 3766 “
1695 3729 2226 3794 Ante-secundam

439 3814 699 3879 Roscius
733 3817 944 3879 orabat
974 3817 1086 3878 sibi
1117 3815 1362 3879 adesses
1394 3816 1470 3878 ad
1504 3814 1724 3878 Puteal
1756 3817 1955 3879 craS.’'

439 3902 596 3967 “De
627 3923 694 3966 re
727 3903 1026 3966 communi
1057 3903 1288 3967 scribae
1322 3922 1544 3984 magna
1574 3909 1756 3987 atque
1786 3924 1943 3967 nova
1974 3910 2036 3967 te

2498 1674 2567 1722 10

2495 2108 2558 2159 1⁵
