2742 4417
426 328 550 393 176
610 394 619 401 ,
1196 339 1566 387 SATIRARUM

425 498 785 563 Discedunt.
875 496 1117 560 Etenim
1145 496 1338 562 fateor
1367 520 1487 577 me,
1519 496 1737 561 dixerit
1765 496 1889 575 ille,

426 584 585 648 Duci
616 590 826 647 ventre
856 584 1072 661 levem,
1101 604 1313 647 nasum
1342 585 1548 647 nidore
1579 583 1844 666 supinor‚

426 671 791 748 Imbecillus,
819 670 1001 747 inem,
1032 670 1083 731 si
1114 671 1256 751 quid
1288 670 1376 732 vis
1431 670 1586 731 adde
1639 669 1876 752 popino.

426 757 685 837 Tu‚cum
716 756 797 820 sis
828 755 987 838 quod
1018 776 1130 837 ego
1160 762 1223 817 et
1248 756 1521 817 fortassis
1550 756 1822 837 nequior,
1851 754 2010 819 ultro

426 842 737 909 Insectere
769 842 936 903 velut
962 842 1171 903 melior
1224 842 1541 923 verbisque
1566 840 1804 916 decoris

430 927 730 990 Obvolvas
759 926 969 989 vitium
994 925 1021 988 ’ἓ
1089 924 1293 1003 Quid,
1318 928 1366 989 si
1397 948 1492 989 me
1525 927 1761 989 stultior
1789 927 1917 1007 ipso

428 1012 785 1095 Quingentis
816 1020 974 1083 emto
1004 1012 1301 1075 drachmis
1333 1012 1722 1095 deprenderis
1747 1010 1772 1073 ’ἰ
1859 1010 2060 1073 Aufer

426 1099 531 1160 Me
564 1100 733 1161 vultu
763 1107 1035 1173 terrere,
1020 1118 1034 1131 ·
1079 1119 1320 1159 manum
1350 1098 1837 1197 stomachumque
1870 1096 2096 1175 tenete,

408 1184 611 1263 ·Dum‚
644 1205 799 1285 quae
832 1183 1088 1266 Crispini
1119 1183 1321 1246 docuit
1350 1206 1445 1245 me
1465 1184 1692 1266 janitor
1745 1183 1880 1247 edo.

428 1270 514 1331 Te
546 1272 763 1353 conjux
792 1270 985 1331 aliena
1016 1270 1198 1352 capit,
1228 1270 1610 1332 meretricula
1639 1268 1920 1333 Davum.

429 1356 658 1417 Peccat
688 1360 825 1417 uter
855 1360 1123 1416 nostrum
1153 1376 1332 1417 cruce
1364 1352 1656 1436 dignius?
1748 1354 1926 1419 Acris
1955 1352 2059 1417 ubi
2086 1373 2182 1415 me

428 1440 668 1503 Natura
696 1440 975 1519 intendit,
1006 1440 1115 1502 sub
1147 1442 1311 1503 clara
1337 1441 1502 1503 nuda
1530 1440 1778 1502 lucerna

430 1508 841 1610 Quaecunque
890 1526 1125 1609 excepit
1155 1527 1452 1609 turgentis
1483 1526 1734 1588 verbera
1764 1522 2018 1601 caudae,

430 1612 717 1675 Clunibus
748 1618 855 1674 aut
883 1612 1133 1693 agitavit
1163 1633 1382 1695 equum
1411 1612 1634 1674 lasciva
1662 1611 1962 1694 supinum,

429 1698 694 1761 Dimittit
720 1718 917 1780 neque
945 1699 1235 1759 famosum
1266 1719 1463 1781 neque
1495 1697 1812 1761 sollicitum
1861 1716 1940 1759 ne

429 1784 627 1846 Ditior
656 1791 761 1846 aut
788 1784 1014 1846 formae
1045 1784 1303 1847 melioris
1332 1784 1516 1845 meiat
1546 1783 1778 1845 eodem.

430 1870 523 1931 Tu
556 1890 691 1931 cum
720 1870 1001 1953 projectis
1028 1868 1378 1952 insignibuS‚
1405 1870 1626 1932 annulo
1658 1865 1929 1952 equestri

429 1955 820 2038 Romanoque
850 1955 1079 2034 habitu,
1110 1955 1310 2038 prodis
1342 1977 1418 2017 ex
1437 1955 1644 2039 judice
1673 1954 1872 2018 Dama

430 2040 669 2123 Turpis,
701 2040 1011 2103 odoratum
1045 2049 1227 2124 caput
1256 2041 1612 2103 obscurante
1642 2042 1908 2120 lacerna,

432 2125 573 2189 Non
603 2148 667 2190 es
698 2127 856 2209 quod
887 2126 1175 2189 simulas?
1264 2126 1548 2189 Metuens
1577 2126 1901 2207 induceris,
1933 2130 2114 2207 atque

432 2211 787 2275 Altercante
817 2213 1157 2275 libidinibus
1187 2213 1392 2275 tremis
1423 2234 1556 2275 ossa
1585 2233 1827 2295 pavore.

435 2296 592 2369 Quid
622 2298 811 2359 refert
860 2299 983 2377 111-1,,
1008 2298 1191 2381 virgis
1220 2298 1500 2381 ferroque
1530 2298 1737 2360 necari

430 2385 801 2446 Auctoratus
833 2405 955 2463 eaS‚
986 2405 1065 2446 an
1096 2384 1255 2467 turpi
1289 2384 1525 2446 clausus
1554 2383 1614 2445 in
1647 2403 1810 2463 arca,

404 2468 565 2540 Quo
595 2478 654 2531 te
686 2469 922 2532 demisit
950 2470 1184 2553 peccati
1216 2470 1454 2531 conscia
1479 2469 1706 2547 herilis,

414 2554 821 2619 Contractum
850 2556 1101 2637 genibus
1130 2562 1345 2640 tangas
1377 2562 1604 2637 caput
1584 2554 1610 2596 ‘²
1700 2554 1890 2617 Estne
1919 2554 2134 2619 marito

430 2640 746 2703 Matronae
776 2642 1081 2723 peccantis
1108 2641 1173 2703 in
1201 2641 1373 2703 ambo
1393 2642 1562 2724 justa
1589 2639 1906 2723 potestas?

429 2726 507 2787 In
537 2733 945 2809 corruptorem
974 2728 1071 2789 vel
1092 2726 1354 2809 justior.
1333 2724 1361 2787 ’ἶ
1447 2726 1565 2789 Illa
1593 2734 1796 2789 tamen
1825 2747 1891 2789 se

429 2810 571 2873 Non
601 2810 806 2873 habitu
835 2818 1102 2874 mutatve
1132 2812 1282 2890 1000,
1314 2819 1605 2895 peccatve
1634 2832 1913 2895 superne.

432 2896 583 2958 Cum
617 2902 675 2959 te
708 2897 987 2959 formidet
1016 2897 1229 2959 mulier
1258 2919 1455 2980 neque
1487 2897 1698 2960 credat
1727 2896 1975 2975 amanti,

316 3028 335 3047 .
428 2982 554 3044 Ibis
584 2982 693 3045 sub
722 2982 957 3045 furcam
986 2982 1271 3065 prudenS,
1303 2983 1656 3067 dominoque
1687 2982 1909 3045 furenti

420 3067 779 3130 Committes
809 3089 935 3129 rem
966 3088 1198 3130 omnem
1228 3075 1291 3131 et
1320 3069 1507 3131 vitam
1536 3076 1598 3131 et
1628 3089 1764 3131 cum
1795 3089 2042 3151 corpore
2071 3066 2314 3131 famam.
2397 3132 2408 3141 ,

430 3153 665 3235 Evasti‚
710 3152 893 3216 credo
938 3161 1176 3217 metues
1223 3154 1553 3237 doctusque
1586 3153 1867 3216 cavebis·
1853 3202 1868 3230 ,

429 3238 697 3311 Quaeres
752 3238 989 3321 quando
1018 3239 1237 3301 iterum
1264 3260 1486 3322 paveas
1513 3241 1849 3322 iterumque
1879 3238 2076 3321 perire

428 3324 653 3401 PossiS‚
685 3345 719 3386 o
752 3325 929 3387 toties
958 3345 1167 3387 servus
1194 3324 1209 3389 l
1289 3324 1459 3397 Quae
1488 3326 1688 3388 bellua
1717 3325 1926 3408 ruptiS‚

430 3408 581 3470 Cum
613 3410 798 3471 semel
828 3411 1057 3492 effugit,
1087 3410 1287 3475 reddit
1315 3432 1380 3473 se
1410 3432 1598 3493 prava
1628 3412 1900 3473 catenis.
1880 3408 1906 3455 ‘²

428 3493 491 3555 N
494 3515 571 3555 on
600 3515 733 3556 sum
760 3496 1043 3559 moechus
1072 3496 1181 3559 ais.
1228 3495 1446 3579 Neque
1479 3516 1591 3578 ego
1643 3496 1890 3558 hercule
1949 3495 2050 3557 fur
2097 3494 2202 3558 ubi
2229 3504 2376 3559 vasa

427 3579 757 3642 Praetereo
788 3581 1024 3664 sapiens
1055 3588 1385 3663 argentea:
1431 3584 1572 3644 tolle
1603 3582 1917 3680 periclum,

426 3662 469 3726 J
473 3685 569 3726 am
599 3686 755 3747 vaga
784 3667 1049 3749 prosiliet
1078 3668 1263 3731 frenis
1292 3675 1512 3730 natura
1540 3668 1804 3730 remotis·

426 3750 596 3813 Tune
625 3752 769 3813 1111111
798 3751 1091 3850 dominus,
1122 3774 1323 3815 rerum
1351 3754 1618 3836 imperiis
1645 3753 2067 3833 hominumque

426 3834 542 3898 Tot
571 3836 871 3919 tantisque
903 3838 1115 3915 minor,
1146 3859 1325 3921 quem
1354 3846 1452 3901 ter
1479 3838 1745 3901 vindicta
1775 3844 2110 3935 quaterque

2443 1201 2517 1251 45

2445 3344 2512 3398 ’70
