2742 4417
404 315 529 379 218
1217 327 1663 378 EPIsmonARUM

401 484 749 563 Aerumnis,
778 484 972 547 lassus
1001 481 1146 546 dum
1171 489 1357 545 noctu
1387 482 1607 562 stertit,
1638 482 1717 546 ad
1747 492 1943 547 assem

403 569 767 632 Perdiderat
792 590 809 646 ;
856 575 991 652 post
1018 567 1130 632 hoc
1161 568 1485 631 vehemens
1513 570 1691 652 lupus
1722 574 1785 631 et
1813 569 1925 632 sibi
1953 573 2017 632 et
2044 566 2203 633 hosti

403 655 606 718 Iratus
637 655 881 738 pariter,
902 653 1128 738 jejunis
1159 653 1437 716 dentibus
1468 673 1632 732 acer,

407 740 780 803 Praesidium
808 740 1011 822 regale
1039 741 1170 801 loco
1201 739 1442 821 dejecit,
1471 746 1543 801 ut
1572 739 1762 818 aiunt,

409 824 651 888 Summe
681 824 908 888 munito
938 831 1004 886 et
1026 825 1349 886 multarum
1380 825 1563 886 divite
1594 845 1817 886 rerum.

408 911 620 974 Clarus
649 912 724 974 ob
753 910 817 972 id
845 910 1072 972 factum
1123 909 1291 972 donis
1323 914 1571 972 ornatur
1599 908 1887 988 honestis,

404 996 651 1079 Accipit
681 1003 745 1059 et
770 995 862 1058 bis
892 995 1049 1058 dena
1077 1015 1258 1077 super
1285 995 1563 1057 sestertia
1590 1015 1918 1056 nummum.

405 1081 588 1144 Forte
619 1082 728 1143 sub
757 1081 870 1142 hoc
899 1086 1134 1163 tempus
1164 1079 1476 1142 castellum
1507 1085 1779 1142 evertere
1810 1085 2052 1162 praetor

403 1165 632 1228 Nescio
661 1164 822 1249 quod
851 1164 1118 1247 cupienS,
1149 1163 1377 1226 hortari
1406 1165 1604 1247 coepit
1634 1162 1893 1228 eundem

406 1249 628 1316 Verbis
681 1270 836 1334 quae
865 1248 1070 1312 timido
1100 1268 1337 1332 quoque
1366 1257 1611 1332 possent
1636 1249 1863 1313 addere
1892 1254 2197 1316 mentemz

405 1338 446 1370 “
472 1333 531 1414 I,
554 1334 733 1413 bone,
763 1353 883 1416 quo
912 1331 1104 1397 virtus
1136 1339 1244 1397 tua
1273 1339 1334 1397 te
1364 1341 1564 1414 vocat,
1590 1334 1613 1397 i
1642 1335 1799 1420 pede
1829 1335 2054 1416 faust0,

310 1473 316 1478 .
409 1418 680 1483 Grandia
706 1421 939 1483 laturus
967 1417 1314 1482 meritorum
1343 1420 1630 1504 praemia.
1722 1418 1882 1492 Quid
1910 1427 2037 1483 stas
2061 1419 2137 1483 ‘2⁹’

408 1505 556 1568 Post
583 1506 733 1568 haec
762 1505 862 1567 ille
894 1511 1087 1582 catus,
1117 1505 1499 1588 quantumvis
1528 1503 1789 1569 rusticus
1815 1524 1832 1566 ε
1876 1509 1917 1544 “
1940 1505 2088 1590 Ibit,

408 1590 531 1653 Ibit
561 1612 632 1654 eo
677 1611 794 1674 quo
823 1589 913 1653 vis
967 1591 1073 1673 qui
1099 1611 1308 1652 zonam
1335 1589 1665 1674 perdidit,’'
1697 1588 1916 1676 inquit.

407 1676 636 1739 Romae
668 1675 884 1738 nutriri
909 1675 1054 1738 mihi
1084 1675 1335 1757 contigit
1363 1683 1544 1760 atque
1576 1675 1779 1738 doceri

409 1760 613 1824 Iratus
645 1760 844 1824 Graiis
875 1768 1164 1843 quantum
1191 1761 1493 1824 nocuisset
1519 1761 1812 1824 Achilles.

407 1845 710 1929 Adjecere
740 1846 928 1909 bonae
945 1847 1158 1928 'paullo
1187 1847 1321 1928 plus
1352 1847 1497 1910 artis
1528 1847 1834 1925 Athenae,

296 1961 302 1966 ·
411 1929 660 1994 Scilicet
686 1937 756 1994 ut
789 1933 1008 1996 vellem
1043 1951 1228 1994 curvo
1258 1931 1610 2014 dignoscere
1640 1937 1897 2012 rectum,

405 2015 616 2099 Atque
647 2017 805 2079 inter
833 2016 1011 2079 silvas
1041 2015 1338 2078 Academi
1368 2039 1660 2100 quaerere
1689 2038 1921 2081 verum.

407 2100 582 2164 Dura
606 2101 716 2165 sed
745 2121 1018 2164 emovere
1046 2102 1176 2164 loco
1201 2122 1298 2163 me
1329 2108 1601 2187 tempora
1628 2109 1824 2186 grate,

410 2185 733 2270 Civilisque
763 2185 974 2249 rudem
1003 2186 1144 2249 belli
1173 2187 1312 2248 tulit
1341 2197 1543 2252 aestus
1570 2189 1633 2250 in
1662 2208 1831 2252 arma

410 2270 684 2336 Caesaris
713 2273 980 2354 Augusti
1007 2293 1126 2334 non
1156 2293 1516 2354 responsura
1543 2274 1804 2336 lacertiS.

406 2356 592 2421 Unde
623 2358 797 2421 simul
826 2358 1080 2440 primum
1105 2378 1202 2420 me
1237 2358 1513 2422 dimisere
1546 2359 1831 2442 Philippi,

405 2442 640 2507 Decisis
669 2444 954 2506 humilem
982 2443 1194 2527 pennis
1221 2443 1578 2528 inopemque
1609 2442 1845 2528 paterni

405 2527 491 2591 Et
518 2530 660 2593 laris
692 2535 756 2592 et
782 2528 1308 2612 fundi‚paupertas
1337 2529 1575 2614 impulit
1604 2529 1824 2607 audaX,

405 2613 496 2676 Ut
523 2636 732 2678 versus
760 2615 1022 2678 facerem
1053 2633 1070 2689 ;
1115 2613 1222 2677 sed
1276 2616 1437 2697 quod
1465 2637 1585 2677 non
1614 2615 1772 2678 desit
1820 2612 2143 2677 habentem

409 2696 578 2770 Quae
608 2707 890 2783 poterunt
914 2719 1182 2782 unquam
1209 2700 1354 2763 satis
1385 2720 1723 2784 expurgare
1754 2699 2016 2776 cicutae„

405 2783 493 2846 Ni
521 2785 732 2848 melius
761 2785 1017 2848 dormire
1047 2791 1251 2866 putem
1285 2806 1467 2867 quam
1494 2786 1757 2848 scribere
1788 2781 2050 2848 versus?

411 2869 661 2952 Singula
689 2871 766 2932 de
796 2869 964 2932 nobis
995 2869 1132 2932 anni
1164 2870 1535 2952 praedantur
1562 2877 1775 2933 euntes
1800 2893 1817 2933 z

405 2955 701 3039 Eripuere
721 2956 913 3039 jocosi,
943 2975 1248 3031 venerem,
1281 2956 1573 3034 convivia,
1602 2956 1809 3018 ludum
1836 2972 1854 3032 ;

406 3040 690 3104 Tendunt
719 3047 1084 3123 extorquere·
1107 3039 1386 3122 poemata
1412 3062 1429 3103 ε
1478 3041 1623 3124 quid
1651 3042 1869 3105 faciam
1904 3037 2048 3103 vis?

406 3126 684 3210 Denique
713 3147 834 3189 non
857 3145 1060 3189 omnes
1091 3125 1302 3187 eadem
1332 3126 1627 3189 mirantur
1658 3133 2022 3210 amantque:

408 3211 686 3276 Carmine
716 3219 786 3275 tu
815 3211 1068 3295 gaudes,
1095 3209 1192 3273 hic
1225 3210 1561 3274 delectatur
1588 3213 1821 3293 iambis,
1942 3217 1949 3223 '

406 3297 520 3360 Ille
552 3298 795 3362 Bioneis
824 3296 1190 3360 sermonibus
1222 3304 1285 3359 et
1312 3298 1437 3360 sale
1468 3298 1660 3380 nigr0.

405 3382 555 3446 Tres
583 3385 726 3446 mihi
755 3384 1042 3447 convivae
1071 3403 1257 3465 prope
1290 3381 1605 3445 dissentire
1636 3381 1939 3462 videntur,

405 3467 732 3532 Poscentes
761 3469 924 3531 vario
952 3469 1206 3530 multum
1238 3467 1477 3530 diversa
1505 3469 1726 3550 palato·

408 3552 565 3626 Quid
597 3555 733 3618 dem
759 3553 785 3616 ’ἑ
831 3554 976 3637 quid
1002 3575 1120 3616 non
1149 3553 1288 3616 dem
1314 3552 1340 3614 ’ἐ
1386 3552 1589 3616 renuis
1637 3559 1707 3615 tu
1740 3552 1900 3635 quod
1918 3551 2098 3636 jubet
2126 3553 2279 3616 alter
2303 3571 2323 3630 ;

407 3637 582 3712 Quod
611 3640 765 3725 petis
815 3640 876 3702 id
907 3659 1051 3702 sane
1083 3644 1178 3701 est
1204 3638 1463 3702 invisum
1492 3639 1851 3722 acidumque
1882 3636 2133 3702 duobus.

405 3724 661 3790 Praeter
690 3729 961 3800 caetera,
993 3745 1088 3786 me
1120 3723 1432 3787 Romaene
1463 3728 1745 3808 poemata
1775 3742 1988 3786 censes

408 3809 686 3875 Scribere
715 3831 888 3896 posse
919 3810 1079 3873 inter
1107 3815 1200 3872 tot
1228 3828 1406 3874 curas
1434 3818 1645 3896 totque
1672 3806 1959 3874 labores?
