2742 4417
1135 300 1332 347 cARM.
1379 302 1545 349 xvn.
2168 296 2175 305 ·
2258 288 2383 353 121

927 660 1392 729 ΟΑΒΜΕΝ
1461 664 1750 731 XVII.

645 966 788 1031 ..ΠΜ
807 966 937 1050 jam
963 966 1192 1029 efficaci
1222 966 1298 1029 do
1327 986 1539 1029 manus
1568 965 1881 1046 scientiae,
1979 1019 1987 1026 .

649 1051 916 1136 Supplex
969 1059 1032 1114 et
1059 1072 1162 1115 oro
1192 1072 1382 1133 regna
1408 1072 1518 1135 per
1547 1052 1967 1136 Proserpinae,

645 1138 770 1201 Per
799 1144 863 1201 et
889 1136 1122 1199 Dianae
1151 1158 1271 1199 non
1299 1137 1592 1199 movenda
1620 1139 1889 1219 numina,

642 1222 767 1285 Per
795 1228 976 1305 atque
1005 1222 1184 1285 libros
1215 1222 1544 1285 carminum
1574 1223 1899 1289 valentium

643 1307 859 1371 Refixa
884 1307 1052 1371 caelo
1082 1306 1375 1371 devocare
1406 1308 1625 1386 sidera,
1750 1328 1753 1331 ’
1812 1304 1821 1315 “
2340 1334 2376 1381 5

646 1392 921 1472 Canidia,
953 1413 1132 1475 parce
1165 1393 1405 1455 vocibus
1437 1394 1677 1455 tandem
1706 1395 1891 1457 sacris

643 1477 962 1560 Citumque
993 1484 1153 1541 retro
1183 1479 1360 1559 solve,
1378 1480 1535 1541 solve
1568 1480 1886 1544 turbinem.

563 1621 572 1627 .
631 1562 833 1627 Movit
859 1569 1138 1645 nepotem
1169 1563 1467 1646 Telephus
1498 1564 1561 1626 N
1565 1566 1814 1643 eoeium,

641 1648 716 1711 In
745 1670 924 1733 quem
955 1649 1246 1731 superbus
1277 1650 1580 1713 ordinarat
1608 1651 1849 1731 agmina

641 1733 956 1818 Mysorum
1009 1742 1073 1797 et
1099 1734 1160 1797 in
1192 1755 1372 1816 quem
1402 1736 1525 1797 tela
1554 1743 1734 1800 acuta
1762 1743 2038 1803 torserat.
2311 1762 2373 1815 lo,

636 1818 888 1884 Unxere
917 1826 1140 1885 matres
1169 1820 1318 1883 Iliae
1348 1820 1655 1883 addictum
1683 1822 1828 1892 feris

637 1906 900 1969 Alitibus
931 1912 1114 1987 atque
1143 1906 1391 1972 canibus
1421 1906 1773 1969 homicidam
1804 1906 2157 1991 Hectorem,

581 1994 588 1999 “
634 1989 964 2075 Postquam
991 1990 1216 2055 relictis
1245 1992 1550 2055 moenibus
1578 2012 1687 2055 rex
1717 1994 1971 2074 procidit

634 2076 782 2143 Heu
835 2076 1172 2161 pervicacis
1225 2075 1304 2139 ad
1334 2076 1519 2160 pedes
1548 2077 1830 2143 Achillei.

636 2161 850 2226 Setosa
879 2162 1044 2225 duris
1074 2182 1293 2225 exuere
1324 2163 1577 2245 pellibus
2306 2188 2367 2236 15

633 2246 942 2313 Laboriosi
970 2248 1229 2331 remiges
1259 2248 1467 2311 Ulixei·

633 2333 894 2398 Volente
928 2332 1106 2399 Circa
1157 2334 1466 2410 membra3
1510 2340 1653 2397 tunc
1684 2356 1851 2399 mens
1882 2342 1945 2399 et
1974 2356 2153 2403 sonus

543 2418 548 2423 ’
632 2418 931 2503 Relapsus
983 2426 1164 2502 atque
1196 2426 1370 2483 notus
1400 2420 1464 2481 in
1499 2422 1699 2483 vultus
1727 2422 1935 2487 honor.

631 2503 794 2567 Dedi
821 2505 965 2567 satis
995 2526 1292 2587 superque
1325 2526 1651 2589 poenarum
1680 2506 1809 2585 tibi,

629 2588 856 2655 Amata
877 2590 1080 2653 'nautis
1109 2590 1362 2653 multum
1392 2599 1456 2653 et
1481 2591 1869 2657 institoribus.
2301 2615 2365 2665 20

631 2674 818 2757 Fugit
835 2676 1120 2759 juventas
1173 2682 1236 2737 et
1265 2676 1641 2739 verecundus
1672 2678 1833 2741 color

627 2760 899 2842 Reliquit
929 2781 1062 2825 ossa
1091 2762 1244 2842 pelle
1277 2762 1496 2843 amicta
1522 2762 1719 2825 lurida
1743 2784 1762 2840 3

625 2846 774 2907 Tuis
804 2846 1052 2929 capillus
1083 2846 1250 2909 albus
1281 2854 1375 2909 est
1404 2847 1681 2909 odoribus
1705 2866 1725 2925 ς
1874 2911 1881 2917 ,

628 2929 880 2995 Nullum
911 2952 948 2995 a
974 2931 1176 2995 labore
1205 2953 1300 2995 me
1331 2933 1585 2995 reclinat
1612 2933 1797 2995 otium
1815 2951 1835 3009 3

632 3014 838 3098 Urget
861 3016 1020 3080 diem
1047 3038 1164 3079 nox
1217 3026 1281 3080 et
1309 3016 1439 3081 dies
1470 3026 1729 3098 noctem,
1758 3038 1956 3102 neque
1988 3024 2081 3083 est
2294 3042 2359 3089 25

629 3099 861 3164 Levare
891 3108 1062 3165 tenta
1089 3102 1302 3185 spiritu
1331 3103 1699 3186 praecordia.

626 3184 791 3269 Ergo
819 3193 1107 3269 negatum
1138 3188 1343 3251 vincor
1375 3195 1445 3251 ut
1472 3188 1718 3252 credam
1745 3188 1927 3253 miser
1974 3232 1977 3235 -

628 3270 867 3335 Sabella
887 3279 1107 3355 ,pectus
1135 3272 1447 3355 increpare
1478 3274 1745 3337 carmina

628 3356 943 3440 caputque
973 3356 1184 3420 Marsa.
1213 3358 1467 3421 dissilire
1494 3360 1693 3423 nenia.

623 3440 784 3515 Quid
813 3443 1064 3526 amplius
1093 3442 1224 3506 vis?
1302 3442 1356 3507 O
1386 3466 1577 3524 mare,
1610 3466 1645 3509 c
1674 3450 1861 3525 terra,
1892 3444 2097 3526 arde0,
2292 3469 2353 3517 30

623 3526 928 3599 Quantum
954 3548 1151 3611 neque
1183 3536 1313 3593 atro
1343 3529 1643 3594 delibutus
1678 3531 1979 3596 Hercules

620 3611 805 3677 Nessi
832 3612 1069 3693 cruore,
1098 3635 1210 3677 nec
1247 3614 1466 3679 Sicana
1494 3616 1727 3679 fervida.

614 3697 838 3762 Virens
866 3698 930 3761 in
957 3697 1166 3763 Aetna
1193 3700 1431 3763 flamma
1456 3722 1472 3777 3
1520 3708 1589 3765 tu
1642 3702 1828 3764 donec
1862 3702 2009 3765 cinis

970 3784 1052 3849 11
