2742 4417
978 352 1107 398 ΗΒ.
1154 350 1231 397 11.
1281 349 1418 397 sAtr.
1467 351 1573 398 111.
2200 337 2326 403 159

248 505 484 569 Emovit
512 511 784 569 veterem
814 506 962 569 mire
993 527 1219 584 novuS,
1235 512 1305 568 ut
1334 507 1506 586 solet,
1536 506 1598 569 in
1629 528 1734 572 cor

244 592 519 676 Trajecto
550 594 759 657 lateris
788 592 988 655 miseri
1020 592 1303 675 capitisve
1341 592 1566 668 dolore,
2023 652 2028 657 .

246 678 330 741 Ut
361 678 733 759 lethargicus
753 680 851 741 hic
882 700 1019 741 cum
1046 680 1117 739 fit
1146 678 1313 759 pugil
1344 684 1407 739 et
1437 679 1734 741 medicum
1764 686 1964 763 urget.
2258 700 2318 749 30

237 758 405 827 Dum
435 786 512 827 ne
544 765 688 850 quid
720 765 907 827 simile
933 764 1072 825 huic
1126 770 1255 825 esto
1284 770 1355 823 ut
1382 763 1592 825 libet.’
1552 761 1592 792 '’
1629 766 1664 801 ‘⁶
1692 764 1745 827 Ο
1777 767 1952 848 bone,
1981 788 2060 830 ne
2092 773 2152 831 te

238 850 599 914 Frustrere:
647 851 872 913 insanis
902 857 965 911 et
994 861 1062 911 tu
1113 844 1399 930 stultique
1433 870 1616 932 prope
1647 872 1874 931 omneS‚

242 934 307 997 Si
338 936 484 1019 quid
519 937 843 999 Stertinius
873 935 1000 997 veri
1032 941 1261 1016 crepat,
1292 934 1451 996 unde
1485 956 1596 1017 ego
1625 936 1777 999 mira

236 1022 549 1104 Descripsi
579 1022 787 1085 docilis
816 1027 1141 1119 praecepta
1170 1021 1344 1097 haec,
1379 1026 1641 1104 tempore
1673 1044 1792 1105 quo
1817 1043 1914 1085 me

240 1104 483 1170 Solatus
503 1109 685 1192 jussit
713 1108 1043 1189 sapientem
1072 1126 1320 1189 pascere
1353 1105 1598 1168 barbam
2221 1129 2314 1178 ·35

233 1192 447 1275 Atque
478 1214 516 1255 a
542 1193 819 1257 Fabricio
849 1214 965 1254 non
1001 1191 1228 1253 tristem
1257 1198 1437 1273 ponte
1469 1190 1712 1254 reverti.

234 1277 403 1341 Nam
431 1280 583 1342 male
613 1301 680 1341 re
712 1285 885 1360 gesta
914 1298 1050 1339 cum
1081 1277 1297 1339 vellem
1324 1277 1562 1339 mittere
1593 1283 1802 1361 operto

232 1362 342 1426 Me
375 1365 571 1447 capite
601 1365 665 1426 in
693 1364 938 1441 flumen,
971 1362 1183 1424 dexter
1212 1362 1380 1424 stetit
1411 1370 1493 1440 et,
1527 1361 1691 1425 Cave
1732 1363 1886 1427 faxis
1973 1428 1978 1434 ,

232 1449 323 1513 Te
355 1448 676 1533 quidquam
706 1449 1057 1531 indignum:
1106 1448 1322 1547 pudor,
1351 1410 1568 1530 inq1iit‚
1600 1456 1661 1511 te
1693 1449 1884 1512 malus
1913 1448 2103 1571 angit,

232 1534 491 1599 Insanos
521 1536 625 1619 qui
652 1536 812 1599 inter
840 1554 1087 1597 vereare
1118 1534 1359 1595 insanus
1391 1533 1618 1596 haberi.
1735 1595 1746 1605 ,
2247 1554 2310 1603 40

231 1620 507 1683 Primum
536 1643 677 1684 nam
704 1621 1001 1703 inquiram
1054 1619 1199 1702 quid
1229 1620 1306 1682 sit
1334 1620 1578 1681 furere:
1627 1620 1740 1682 hoc
1771 1619 1823 1683 si
1852 1618 2011 1683 erit
1993 1642 2057 1683 m
2087 1625 2148 1683 te

235 1706 381 1770 Solo
434 1708 518 1770 nil
546 1708 713 1770 verbi
770 1726 983 1789 pereas
1014 1705 1159 1788 quin
1188 1704 1428 1767 fortiter
1481 1705 1720 1767 addam.
1951 1728 1956 1731 ·

232 1792 434 1866 Quem
456 1794 622 1856 mala-
648 1793 902 1856 stultitia
932 1798 995 1853 et
1022 1810 1446 1875 quemcunque
1490 1791 1726 1853 inscitia
1756 1790 1882 1853 veri

231 1878 505 1941 Caecum
536 1879 681 1961 agit,
711 1879 985 1941 insanum
1016 1876 1337 1960 Chrysippi
1365 1876 1628 1958 porticus
1661 1884 1723 1938 et
1753 1898 1904 1959 grex

226 1964 555 2027 Autumat.
649 1964 822 2027 Haec
854 1963 1123 2047 populos,
1153 1962 1302 2024 haec
1332 1982 1579 2043 magnos
1609 1961 1865 2025 formula
1891 1980 2070 2045 reges
2245 1982 2308 2029 45

228 2048 511 2133 Excepto
540 2051 807 2133 sapiente
840 2055 1025 2112 tenet.
1116 2047 1299 2109 Nunc
1332 2048 1536 2129 accipe
1591 2068 1776 2130 quare

228 2135 555 2219 Desipiant
584 2156 788 2199 omnes
820 2155 1011 2217 aeque
1046 2154 1115 2196 ac
1147 2140 1215 2195 tu
1270 2133 1372 2215 qui
1405 2133 1510 2195 tibi
1540 2154 1758 2195 nomen

227 2221 462 2284 Insano
492 2233 765 2303 posuere.
856 2220 1049 2283 Velut
1078 2220 1240 2282 silvis
1293 2218 1395 2279 ubi
1425 2218 1646 2300 passim

226 2306 523 2369 Palantcs
555 2328 722 2369 error
752 2312 917 2368 certo
947 2305 1022 2367 de
1056 2304 1292 2367 tramite
1324 2304 1514 2387 pellit,

223 2392 349 2455 me
380 2392 782 2455 sinistrorsum
811 2391 907 2453 hic
942 2390 1317 2453 dextrorsum
1346 2390 1496 2456 abit..
1523 2409 1678 2451 unus
1708 2387 1950 2471 utrique
2243 2388 2308 2456 50

225 2476 441 2555 Error,
456 2477 563 2540 sed
594 2477 774 2539 variis
804 2476 1000 2538 illudit
1028 2476 1297 2558 partibus
1329 2494 1347 2551 3
1390 2476 1502 2537 hoc
1534 2482 1594 2536 te

227 2563 435 2627 Crede
464 2562 639 2625 modo
667 2564 961 2641 insanum,
990 2562 1173 2643 nihilo
1202 2568 1271 2622 ut
1302 2560 1625 2642 sapientior
1652 2559 1752 2621 ille

227 2648 355 2721 Qui
384 2656 447 2711 te
479 2648 714 2710 deridet
766 2647 1019 2710 caudam
1050 2648 1270 2709 trahat.
1360 2646 1476 2708 Est
1505 2666 1695 2727 genus
1725 2664 1910 2707 unum

228 2733 545 2797 Stultitiae
576 2734 829 2796 nihilum
854 2734 1177 2796 metuenda
1208 2733 1491 2809 timentis,
1520 2738 1591 2794 ut
1618 2731 1811 2813 ignem,

226 2820 349 2883 Ut
353 2840 535 2903 rupes
565 2819 941 2901 fluviosque
926 2841 987 2881 ιιι
1018 2824 1225 2901 campo
1257 2818 1490 2880 obstare
1523 2823 1853 2900 queratur·
1837 2862 1854 2892 ‚
2244 2832 2309 2881 55
2393 2836 2398 2839 “

224 2906 519 2967 Alterum
549 2915 613 2967 et
636 2904 777 2966 huic
810 2924 1017 2967 varum
1048 2912 1111 2965 et
1137 2904 1321 2965 nihilo
1351 2902 1678 2999 sapientius
1707 2901 1880 2983 ignes

98 3062 107 3073 α
222 2990 359 3053 Per
387 2989 612 3052 medios
639 2990 965 3072 fluviosque
996 2990 1267 3051 ruentis:
1316 2991 1535 3051 clamet
1565 2987 1756 3050 amica

222 3075 462 3153 Mater,
492 3075 745 3138 honesta
774 3096 941 3137 soror
970 3093 1107 3137 cum
1137 3075 1430 3157 cognatis,
1463 3083 1658 3157 pater,
1689 3091 1879 3134 uxor:

220 3166 266 3198 ‘⁶
296 3161 425 3223 Hic
454 3161 613 3224 fossa
646 3168 739 3223 est
768 3162 1007 3242 ingenS,
1036 3160 1134 3223 hic
1166 3181 1353 3241 rupes
1385 3158 1665 3235 maxima,
1697 3154 1910 3220 serva!
1935 3153 1975 3184 ’⁹

224 3245 380 3309 Non
410 3246 601 3327 magis
632 3246 911 3325 audierit,
942 3268 1121 3329 quam
1149 3246 1357 3308 Fufius
1391 3244 1588 3307 ebrius
1625 3244 1786 3321 οΙίιιι,
2246 3258 2310 3307 60

225 3330 439 3405 Quum
468 3330 722 3393 Ilionam
753 3331 1027 3410 edormit,
1062 3330 1325 3393 Catienis
1354 3332 1513 3393 mille
1544 3328 1846 3405 ducentiS‚

224 3417 464 3493 Mater,
494 3424 556 3478 te
591 3417 864 3500 appello!
914 3417 1325 3480 clamantibus.
1414 3415 1581 3478 Huic
1613 3436 1726 3497 ego
1758 3412 1976 3494 vulgus

227 3502 449 3566 Errori
478 3502 727 3565 similem
758 3509 1040 3565 cunctum
1068 3502 1327 3563 insanire
1360 3500 1604 3563 docebo.

228 3586 475 3652 Insanit
504 3596 741 3649 veteres
772 3595 1001 3649 statuas
1033 3586 1436 3670 Damasippus
1469 3584 1760 3648 emend0.
2158 3647 2164 3651 ,

228 3674 492 3754 Integer
522 3678 615 3733 est
644 3673 860 3735 mentis
890 3671 1240 3755 Damasippi
1270 3672 1579 3735 creditor.
1559 3670 1584 3717 ⁶?
1676 3668 1846 3731 Esto·
2253 3681 2318 3734 ⁶6

230 3756 491 3841 Accipe
510 3757 668 3845 quod
700 3778 1005 3839 nunquam
1039 3758 1257 3820 reddas
1286 3758 1432 3820 mihi
1461 3758 1512 3820 si
1539 3756 1645 3819 tibi
1675 3755 1895 3833 dicam,

233 3843 459 3905 'Pune
444 3862 688 3904 msanus
718 3842 835 3903 eris
864 3842 914 3903 si
943 3844 1271 3926 acceperiS‚
1303 3866 1381 3906 an
1408 3842 1598 3925 magis
1628 3860 1836 3903 excors
