2742 4417
970 339 1608 402 LIB.1.‚1·2P181·.1X.

219 491 592 574 Praestent,
622 498 858 578 mature
889 492 1102 558 redeat
1129 501 1489 578 repetatque
1519 495 1753 560 relicta.

217 577 454 645 Metiri
483 599 550 645 se
581 574 882 664 quemque
911 599 1020 644 suo
1048 580 1287 644 modulo
1317 601 1391 644 ac
1420 581 1577 666 pede
1608 600 1818 645 verum
1846 585 1961 646 est.

833 1005 1389 1072 EPIS'I'OLA
1479 1008 1749 1074 VIII.

215 1177 454 1242 Cnnso
484 1178 750 1261 gaudere
781 1184 844 1242 et
871 1177 1026 1242 bene
1059 1173 1190 1242 rem
1217 1199 1433 1262 gerere
1463 1179 1843 1246 Albinovano

213 1264 428 1330 Musa
453 1271 666 1347 rogata
693 1264 878 1344 refer,
908 1264 1110 1329 comiti
1138 1265 1491 1348 scribaeque
1528 1265 1811 1331 Neronis.

217 1349 298 1414 Si
332 1359 596 1433 quaeret
623 1349 770 1433 quid
799 1371 999 1433 agam,
1029 1349 1126 1413 dic
1180 1351 1372 1414 multa
1399 1357 1465 1414 et
1491 1352 1745 1434 pulchra
1772 1353 2100 1418 minantem

217 1436 476 1500 Vivere
504 1457 616 1499 nec
645 1442 814 1500 recte
845 1453 959 1499 nec
989 1434 1296 1500 suaviter:
1342 1435 1508 1500 haud
1537 1438 1681 1520 quia
1710 1438 1941 1521 grando

215 1520 603 1586 Contuderit
632 1521 786 1585 vites
815 1522 1126 1605 oleamque
1155 1522 1545 1585 momorderit
1564 1530 1807 1603 aestua,

213 1608 380 1672 Nec
415 1606 554 1706 quia
579 1607 918 1690 longinquis
943 1615 1280 1672 armentum
1309 1608 1630 1691 aegrotet
1614 1631 1676 1672 m
1705 1609 1914 1693 agris3

213 1692 370 1758 Sed
405 1693 543 1775 quia
569 1700 770 1756 mente
799 1693 995 1755 minus
1026 1693 1260 1756 validus
1289 1714 1470 1776 quam
1500 1714 1747 1778 corpore
1780 1701 1907 1759 toto

213 1779 344 1843 Nil
381 1778 588 1842 audire
618 1778 819 1857 velim,
847 1779 934 1840 nil
961 1779 1210 1878 discere,
1229 1779 1390 1862 quod
1416 1780 1581 1851 levet
1609 1799 1904 1864 aegrum3

211 1863 412 1930 Fidis
439 1864 702 1928 offendar
729 1863 999 1944 medicis,
1028 1865 1258 1928 irascar
1283 1864 1512 1944 anficis,

217 1951 370 2015 Cur
403 1971 496 2014 me
523 1950 766 2029 funesto
795 1957 1120 2034 properent
1148 1971 1358 2013 arcere
1397 1958 1686 2014 veterno·
1670 1998 1687 2027 ,

217 2036 416 2111 Quae
443 2056 703 2100 nocuere
736 2055 978 2119 sequar,
1009 2036 1238 2119 fugiam
1268 2056 1425 2118 quae
1456 2035 1693 2120 profore
1722 2037 2012 2102 credam·
1994 2083 2014 2116 ‚

214 2121 470 2188 Romae
500 2121 686 2185 Tibur
716 2141 912 2184 amem
941 2128 1246 2200 ventosus,
1275 2121 1500 2186 Tibure
1532 2122 1807 2187 Romam.

219 2209 396 2273 Post
414 2207 563 2272 haec
615 2213 686 2271 ut
714 2208 936 2287 valeat,
965 2227 1085 2291 quo
1115 2213 1294 2292 pacto
1323 2227 1454 2272 rem
1484 2215 1661 2292 gerat
1688 2215 1753 2272 et
1777 2229 1871 2293 se,

217 2293 328 2359 Ut
361 2295 604 2378 placeat
634 2292 847 2377 juveni
879 2299 1253 2391 ‘percontare
1305 2299 1497 2378 utque
1528 2295 1780 2360 cohorti.

221 2379 300 2444 Si
335 2370 524 2458 dicet,
553 2379 774 2458 Recte,
804 2377 1064 2462 primum
1096 2377 1392 2462 gaudere,
1421 2381 1677 2445 subinde

217 2426 644 2549 Praeceptum
672 2464 958 2529 auriculis
984 2464 1098 2528 hoc
1126 2465 1417 2528 instillare
1447 2472 1783 2531 memento.

216 2551 320 2618 Ut
350 2557 424 2616 tu
450 2551 754 2616 fortunam
803 2551 890 2616 sic
919 2570 1029 2615 nos
1058 2556 1144 2631 te,
1175 2549 1377 2632 Celse,
1408 2552 1692 2616 feremus·

867 2977 1451 3044 EPISTOLA
1527 2980 1698 3045 IX.

225 3152 613 3236 SEPTIMIUS,
649 3147 887 3230 Claudi,
917 3150 1196 3214 nimirum
1235 3150 1521 3236 intelligit
1547 3172 1705 3215 unus

223 3227 458 3313 Quanti
487 3257 584 3300 me
613 3235 844 3299 facias·
892 3257 1034 3299 nam
1063 3257 1202 3298 cum
1229 3244 1407 3320 rogat
1436 3245 1501 3302 et
1526 3258 1709 3322 prece
1741 3238 1905 3322 cogit

227 3323 484 3389 Scilicet
510 3328 582 3386 ut
613 3321 718 3385 tibi
749 3342 814 3386 se
844 3321 1094 3385 laudare
1121 3329 1187 3386 et
1213 3323 1459 3387 tradere
1491 3345 1694 3402 coner,

223 3411 499 3492 Dignum
527 3414 729 3472 mente
759 3407 1052 3491 domoque
1082 3408 1342 3490 legentis
1372 3409 1627 3473 honesta
1654 3408 1919 3473 Neronis

223 3493 491 3559 Munere
522 3514 662 3557 cum
688 3493 860 3576 fungi
888 3493 1178 3578 propioris
1209 3502 1419 3558 censet
1446 3495 1643 3571 amici,

225 3580 394 3656 Quid
423 3580 646 3664 possim
674 3579 842 3642 videt
870 3599 941 3642 ac
971 3579 1138 3642 novit
1166 3601 1264 3643 me
1295 3581 1567 3644 valdius
1551 3602 1700 3665 ipso.
1808 3601 1821 3612 ·

223 3667 432 3732 Multa
460 3665 706 3749 quidem
735 3663 882 3745 dixi,
912 3685 1022 3728 cur
1051 3675 1372 3730 excusatus
1403 3667 1669 3743 abirem3

229 3751 358 3817 Sed
386 3750 561 3815 timui
611 3771 750 3814 mea
776 3770 853 3812 ne
881 3750 1124 3814 finxisse
1153 3752 1385 3815 minora
1410 3759 1683 3837 putarer,

224 3838 653 3904 Dissimulator
682 3857 835 3985 opis?
840 3857 1140 3919 propriae
1169 3837 1315 3900 mihi
1343 3838 1686 3902 commodus
1716 3839 1840 3902 uni.

2212 323 2339 392 193

2266 1975 2329 2024 lo

2266 2395 2329 2444 15
