2742 4417
974 358 1102 407 Ln3.
1148 360 1223 407 11.
1269 360 1404 408 SAm.
1449 361 1512 409 V·

980 682 1364 747 SATIRA
1437 683 1524 748 V.

197 874 239 910 ‘⁴
260 870 411 934 Hoc
442 889 707 952 quoque,
739 868 995 946 Tiresia,
1026 873 1271 951 praeter
1300 873 1550 930 narrata
1579 867 1810 951 petenti

196 956 555 1040 Responde,
575 954 793 1038 quibus
824 955 1071 1017 amissas
1102 974 1388 1037 reparare
1421 976 1640 1037 queam
1671 975 1769 1017 res

196 1044 450 1107 Artibus
464 1049 667 1142 ‚atque
698 1042 906 1109 modis·
1000 1040 1160 1114 Quid
1194 1039 1405 1104 rides?
1429 1042 1470 1069 ’'
1563 1046 1603 1077 “
1627 1040 1672 1104 J
1676 1062 1849 1103 amne
1883 1040 2086 1105 doloso

195 1129 335 1193 Non
366 1129 514 1192 satis
545 1136 639 1191 est
668 1128 945 1191 Ithacam
977 1128 1183 1195 revehi
1214 1128 1560 1212 patriosque
1595 1124 1844 1227 penates

192 1216 370 1299 Adsp
372 1216 578 1278 icere.
558 1214 585 1261 Ῥ
607 1210 661 1247 ”
736 1218 777 1251 “
801 1214 856 1277 O
886 1215 1035 1277 nulli
1067 1216 1398 1298 quidquam
1427 1216 1700 1293 mentite,
1733 1214 1902 1277 vides
1931 1222 2002 1277 ut

193 1302 459 1365 Nudus
444 1323 736 1385 inopsque
768 1301 1009 1363 domum
1040 1301 1309 1378 redeam,
1344 1308 1405 1363 te
1437 1310 1600 1380 vate,
1625 1323 1824 1391 neque
1851 1301 1976 1365 illic

191 1393 322 1452 Aut·
353 1389 653 1471 apotheca
684 1389 880 1471 procis
909 1389 1139 1451 intacta
1170 1397 1263 1451 est
1295 1394 1401 1451 aut
1432 1408 1652 1471 pecus3
1702 1390 1873 1471 atqui

192 1474 275 1539 Et
306 1496 501 1559 genus
534 1482 599 1537 et
627 1475 820 1537 virtus
850 1475 964 1537 nisi
996 1496 1133 1537 cum
1164 1496 1229 1537 re
1265 1476 1434 1537 vilior
1465 1475 1603 1556 alga
1635 1475 1792 1537 est.’'

190 1568 231 1597 “
256 1561 516 1635 Quando
550 1561 925 1644 pauperiem,
954 1562 1148 1624 missis
1182 1562 1558 1643 ambagibUS,
1588 1562 1820 1640 horreS,

193 1650 429 1733 Accipe
462 1669 583 1731 qua
614 1650 842 1711 ratione
875 1669 1063 1731 queas
1094 1648 1414 1711 ditescere.
1512 1647 1752 1711 Turdus

193 1734 333 1798 Sive
368 1735 534 1797 aliud
565 1736 801 1817 privum
833 1734 1075 1797 dabitur
1106 1736 1234 1814 tibi,
1268 1736 1384 1797 dev
1388 1735 1509 1797 olet
1538 1735 1680 1797 illuc

186 1821 315 1885 Res
346 1822 450 1884 ubi
482 1842 705 1903 magna
732 1822 887 1883 nitet
918 1822 1155 1884 domino
1186 1842 1373 1897 sene3
1423 1822 1624 1883 dulcia
1655 1843 1830 1905 poma

188 1906 271 1971 Et
301 1929 725 1992 quoscunque
720 1909 888 1970 feret
920 1909 1117 1971 cultus
1150 1909 1257 1971 tibi
1288 1902 1513 1970 fundus
1545 1908 1800 1971 honores
1851 1932 1856 1939 ·

185 1995 357 2057 Ante
394 1995 614 2057 Larem
646 2002 851 2077 gustet
882 1996 1277 2057 venerabilior
1308 1994 1466 2056 Lare
1501 1995 1714 2057 dives·
1699 2042 1714 2071 ,

158 2080 307 2155 ‚Qui
338 2081 613 2164 quamvis
646 2082 925 2165 perjurus
958 2083 1093 2157 erit,
1130 2083 1257 2144 sine
1291 2088 1497 2163 gente,
1531 2088 1820 2145 cruentus

190 2166 507 2251 Sanguine
537 2168 830 2246 fraterne,
862 2169 1175 2250 fugitivus,
1206 2190 1283 2230 ne
1317 2178 1520 2229 tamen
1557 2168 1664 2230 illi·

188 2254 281 2317 Tu
314 2275 518 2317 comes
550 2254 812 2315 exterior
842 2255 891 2316 si
924 2256 1185 2337 postulet
1213 2255 1301 2317 ire
1333 2254 1653 2317 recuses.’'

189 2346 229 2377 “
259 2340 433 2405 Utn'e
464 2348 667 2421 tegam
699 2362 919 2423 spurco
950 2340 1181 2403 Damae
1214 2339 1422 2403 latus?
1515 2341 1700 2403 Haud
1733 2342 1822 2404 ita
1853 2340 2071 2425 Trojae

188 2426 295 2491 Me
329 2427 495 2511 gessi
526 2436 767 2489 cer-tans
800 2449 1040 2511 semper
1069 2426 1482 2490 melioribus.”
1575 2434 1615 2464 ‘⁶
1636 2429 1802 2511 Ergo

186 2512 439 2597 Pauper
469 2514 655 2576 eris.'’
748 2519 789 2550 “
814 2514 1061 2577 Fortem
1090 2515 1202 2577 hoc
1228 2515 1493 2577 animum
1527 2516 1786 2578 tolerare
1806 2514 2034 2599 jubebo
2059 2533 2078 2593 3

187 2599 271 2662 Et
302 2599 614 2684 quondam
642 2600 872 2685 majora
904 2602 1033 2663 tuli.
1126 2602 1219 2663 Tu
1252 2601 1523 2684 protinus
1555 2602 1716 2663 unde

186 2686 453 2772 Divitias
484 2686 758 2769 aerisque
790 2709 962 2749 ruam
994 2687 1113 2765 dic,
1147 2708 1363 2771 augur,
1398 2687 1734 2751 acervos.’⁸

186 2777 227 2809 ‘⁶
255 2773 405 2835 Dixi
436 2773 716 2856 equidem
748 2781 811 2835 et
841 2774 1011 2836 dico:
1062 2781 1268 2857 captes
1299 2782 1537 2837 astutus
1570 2776 1792 2857 ubique

186 2859 583 2922 Testa-menta
613 2880 847 2938 senum,
878 2880 1021 2938 neu,
1053 2862 1104 2923 si
1136 2861 1305 2922 vafer
1333 2882 1489 2923 unus
1521 2869 1584 2923 et
1615 2862 1770 2925 alter

185 2945 617 3009 Insidiatorem
648 2968 931 3029 praeroso
962 2947 1189 3029 fugerit
1217 2947 1416 3026 hamO,

187 3033 323 3095 Aut
354 3053 524 3115 spem
556 3032 823 3115 deponas
857 3040 963 3095 aut
984 3042 1187 3095 ‘artem
1218 3034 1429 3097 illusus
1460 3034 1724 3097 omittas·

187 3117 427 3201 Magna
454 3118 724 3181 minorve
755 3119 885 3181 foro
916 3119 967 3181 si
998 3140 1097 3181 res
1128 3120 1460 3183 certabitur
1491 3120 1653 3197 olim,

187 3204 381 3267 Vivet
412 3212 549 3269 uter
584 3205 851 3287 locuples
882 3207 1011 3270 sine
1042 3208 1224 3305 natis,
1254 3207 1582 3289 improbuS,
1615 3208 1774 3270 ultro

188 3289 309 3366 Qui
340 3292 648 3353 meliorem
678 3291 880 3354 audax
909 3300 1086 3355 vocet
1116 3293 1175 3354 in
1201 3292 1325 3375 jus„
1358 3293 1515 3355 illius
1547 3301 1677 3355 esto

186 3376 531 3454 Defensor3
578 3377 741 3440 fama
771 3379 965 3440 civem
998 3397 1301 3462 causaque
1335 3380 1615 3481 priorem

191 3461 453 3547 Sperne,
484 3464 644 3526 domi
675 3465 725 3527 si
756 3476 934 3528 natus
954 3465 1083 3527 erit
1110 3466 1449 3529 fecundave
1481 3466 1718 3549 conjux.

188 3548 441 3629 Quinte,
471 3557 641 3633 puta,
674 3559 797 3612 aut
812 3551 1011 3630 Publi,
1049 3552 1359 3634 (gaudent
1388 3552 1772 3635 praenomine
1804 3553 2012 3617 molles

188 3636 593 3719 Auriculae,)
628 3636 737 3698 tibi
766 3648 861 3699 me
896 3638 1087 3701 virtus
1119 3646 1225 3700 tua
1254 3638 1402 3701 fecit
1432 3639 1728 3701 amicum·
1713 3686 1730 3716 ,

186 3720 233 3785 J
234 3744 307 3785 us
337 3744 561 3823 anceps
590 3723 753 3802 novi,
786 3744 1001 3786 causas
1032 3724 1361 3787 defendere
1395 3744 1670 3807 possum·
1654 3771 1700 3801 ,

186 3808 428 3892 Eripiet
456 3809 654 3893 quivis
684 3810 889 3872 oculos
921 3810 1098 3873 citius
1127 3811 1295 3891 mihi,
1328 3832 1510 3894 quam
1544 3820 1602 3875 te

190 3893 621 3981 contemptum
652 3914 828 3959 cassa
856 3918 1012 3959 nuce
1044 3904 1382 3982 pauperet,
1422 3898 1577 3961 haec
1609 3919 1746 3962 mea
1775 3918 1925 3963 cura
1953 3904 2072 3981 est,

834 3981 969 4046 15

2167 340 2296 405 169

2238 1666 2299 1717 10

2233 2098 2296 2149 15

2235 3403 2298 3453 30
