2742 4417
421 334 551 400 154
669 287 678 296 ·
1288 350 1663 402 SATIRARUM

357 572 368 582 ,
420 501 663 582 Primus
691 504 756 570 in
783 506 946 570 hunc
977 507 1175 590 operis
1205 527 1563 593 componere
1594 507 1863 573 carmina
1892 529 2142 591 morem,

419 591 762 657 Detrahere
795 599 859 656 et
888 595 1128 677 pellem,
1157 593 1385 659 nitidus
1417 616 1539 678 qua-
1566 595 1821 678 quisque
1850 617 1963 678 per
1992 617 2101 676 ora

423 678 708 755 Cederet,
738 679 1062 744 introrsum
1085 681 1477 765 turpis,‚num
1508 681 1751 745 Laelius
1778 688 1887 744 aut
1916 680 2021 765 qui

420 765 614 830 Duxit
644 767 720 830 ab
748 786 1037 850 oppressa
1063 768 1345 830 meritum
1376 767 1764 851 Karthagine
1791 789 2034 849 nomen,

419 853 677 936 Ingenio
705 853 912 916 offensi
942 860 1050 917 aut
1077 855 1238 918 laeso
1270 855 1515 919 doluere
1546 854 1797 918 Metello

417 938 808 1024 Famosisque
840 939 1012 1023 Lupo
1043 947 1324 1024 cooperto
1352 939 1672 1008 versibus?
1762 940 1957 1023 Atqui

309 1097 320 1106 .
419 1025 724 1089 Primores
755 1027 958 1109 populi
989 1027 1243 1110 arripuit
1273 1028 1679 1111 populumque
1710 1026 2007 1107 tributim,

422 1110 671 1175 Scilicet
699 1113 804 1174 uni
835 1133 1065 1195 aequus
1095 1113 1304 1175 virtuti
1333 1121 1523 1196 atque.
1550 1116 1679 1197 ejus
1711 1113 1938 1176 amicis.

420 1196 581 1270 Quin
611 1197 712 1260 ubi
744 1219 809 1260 se
841 1219 878 1260 a
907 1199 1081 1281 volgo
1113 1205 1178 1261 et
1205 1219 1389 1263 scena
1417 1199 1480 1262 in
1510 1206 1751 1272 secreta
1778 1203 2083 1262 remorant

417 1283 635 1347 Virtus
671 1281 988 1368 Scipiadae
1020 1291 1083 1347 et
1111 1285 1271 1348 mitis
1299 1285 1595 1368 sapientia
1624 1284 1817 1364 Laeli,

417 1367 485 1432 N
486 1369 661 1452 ugari
691 1391 828 1432 cum
857 1370 960 1433 illo
993 1377 1057 1433 et
1086 1370 1363 1435 discincti
1392 1372 1605 1435 ludere
1636 1371 1828 1434 donec

417 1454 882 1539 Decoqueretur
911 1457 1040 1520 olus
1071 1458 1247 1520 soliti.
1345 1456 1653 1541 Quidquid
1683 1479 1816 1520 sum
1846 1477 1980 1540 eg0‚
2014 1455 2291 1542 quamvis

417 1541 590 1606 Infm
620 1542 813 1605 Lucili
845 1553 1094 1606 censum
1125 1543 1577 1628 ingeniumque,
1608 1550 1813 1606 tamen
1839 1564 1937 1607 me

419 1627 574 1692 Cum
603 1629 838 1712 magnis
875 1629 1091 1692 vixisse
1109 1629 1312 1692 'invita
1339 1631 1630 1693 fatebitur
1659 1651 1850 1713 usque

417 1714 678 1794 Invidia,
710 1721 774 1779 et
801 1715 1002 1798 fragili
1032 1737 1328 1799 quaerens
1357 1716 1591 1780 illidere
1622 1715 1865 1779 dentem

421 1799 706 1865 Offendet
734 1801 965 1877 solido;
1012 1802 1126 1864 nisi
1156 1802 1302 1886 quid
1329 1809 1423 1880 tu,
1454 1802 1631 1865 docte
1662 1801 1930 1882 Trebati,

418 1885 789 1950 Dissentis.''
879 1892 920 1924 “
949 1887 1249 1971 Equidem
1278 1889 1427 1951 nihil
1454 1889 1594 1952 hinc
1626 1887 1936 1952 diffindere
1968 1908 2227 1971 possum.

423 1971 547 2036 Sed
579 1979 879 2036 tamen-ut
907 1975 1164 2037 monitus
1193 1995 1435 2052 caveaS,
1466 1996 1543 2037 ne
1573 1975 1731 2037 forte
1762 1974 1967 2057 negoti

417 2057 689 2122 Incutiat
717 2059 823 2122 tibi
855 2059 1376 2143 quidsanctarum
1403 2060 1641 2124 inscitia
1668 2061 1911 2143 legum:

421 2143 490 2208 Si
518 2146 676 2209 mala
705 2145 1044 2210 condiderit
1072 2147 1134 2208 in
1165 2167 1345 2228 quem
1376 2147 1509 2230 quis
1540 2147 1828 2225 carmina,
1850 2147 1957 2230 jus
1984 2153 2079 2210 est

416 2231 915 2315 Judiciumque.’'
1007 2236 1047 2269 “
1071 2231 1243 2311 Esto,
1273 2232 1325 2296 si
1355 2233 1488 2315 quis
1520 2233 1718 2309 mala;
1764 2233 1873 2296 sed
1904 2233 2059 2298 bona
2088 2231 2139 2296 si
2170 2230 2305 2316 quis
2350 2253 2355 2258 “

415 2316 462 2382 J
463 2318 638 2382 udice
671 2318 1008 2382 condiderit
1037 2319 1318 2381 laudatus
1350 2317 1661 2382 Caesare?
1708 2318 1758 2381 si
1790 2318 1923 2401 quis

339 2399 350 2410 '
419 2402 771 2488 Opprobriis
803 2404 1050 2487 dignum
1080 2405 1416 2484 latraverit,
1446 2406 1684 2489 integer
1714 2405 1841 2488 ipse
1870 2404 1951 2467 ‘2⁹’

417 2493 459 2528 “
486 2488 810 2555 Solventur
839 2492 964 2554 risu
995 2491 1258 2572 tabulae,
1285 2497 1358 2554 tu
1386 2492 1602 2556 missus
1634 2490 1890 2556 abibis.'’

1181 2911 1569 2978 SATIRA
1628 2913 1743 2978 ΙΙ.

418 3080 604 3156 QUAE
633 3080 824 3145 virtus
855 3085 919 3144 et
948 3086 1199 3164 quanta,
1228 3080 1392 3159 boni,
1422 3080 1502 3146 sit
1530 3082 1734 3145 vivere
1766 3103 1973 3166 parv0,

415 3167 483 3232 N
485 3189 554 3232 ec
584 3189 754 3232 meus
776 3168 874 3231 hic
906 3188 1100 3231 sermo
1131 3174 1246 3246 est,
1277 3168 1387 3246 sed
1418 3189 1573 3251 quae
1604 3171 1921 3253 praecepit
1953 3170 2157 3236 Ofella

415 3255 704 3319 Rusticus
735 3253 1034 3316 abnormis
1062 3253 1297 3336 sapiens
1328 3275 1651 3338 crassaque
1682 3255 1987 3337 Minerva,

414 3339 671 3418 Discite,
701 3360 822 3418 non
851 3340 1009 3402 inter
1038 3340 1242 3404 lances
1271 3361 1629 3424 mensasque
1662 3342 1951 3406 nitentes·

417 3425 573 3488 Cum
602 3433 806 3510 stupet
836 3425 1058 3489 insanis
1091 3426 1250 3488 acies
1280 3426 1615 3509 fulgoribus
1647 3435 1709 3490 et
1739 3449 1878 3492 cum

412 3511 686 3575 Acclinis
715 3512 880 3575 falsis
904 3512 1136 3575 animus
1163 3513 1411 3574 meliora
1438 3519 1703 3592 recusat,

413 3597 651 3660 Verum
681 3597 778 3660 hic
808 3598 1094 3681 impransi
1126 3620 1362 3662 mecum
1396 3598 1733 3682 disquirite.
1826 3598 1952 3664 Gur
1980 3599 2145 3666 hoc?

413 3682 633 3746 Dicam
652 3684 714 3747 'si
742 3691 968 3768 potero.
1023 3724 1028 3730 -
1056 3684 1222 3748 Male
1254 3706 1465 3748 verum
1495 3686 1797 3750 examinat
1828 3688 2018 3752 omnis

355 3827 374 3840 .
416 3767 753 3853 Corruptus
773 3770 982 3854 judex.
1070 3770 1367 3855 Leporem
1396 3779 1663 3835 sectatus
1694 3794 1925 3856 equove

414 3854 640 3920 Lassus
671 3856 745 3920 ab
775 3856 1085 3937 indomito,
1115 3858 1213 3921 vel
1243 3857 1295 3921 si
1323 3858 1601 3922 Romana
1628 3860 1848 3943 fatigat

1217 4035 1383 4376 ss&

2448 701 2530 752 65

2328 1106 2346 1123 ⁰
2416 1111 2528 1160 ³70

2445 1562 2519 1611 ⁷5

2436 3881 2495 3932 10
