<?xml version="1.0" encoding="UTF-8"?>
<!DOCTYPE html PUBLIC "-//W3C//DTD XHTML 1.0 Transitional//EN"
    "http://www.w3.org/TR/xhtml1/DTD/xhtml1-transitional.dtd">
<html xmlns="http://www.w3.org/1999/xhtml" xml:lang="en" lang="en">
 <head>
  <title>
</title>
<meta http-equiv="Content-Type" content="text/html;charset=utf-8" />
  <meta name='ocr-system' content='tesseract 3.04.00' />
  <meta name='ocr-capabilities' content='ocr_page ocr_carea ocr_par ocr_line ocrx_word'/>
</head>
<body>
  <div class='ocr_page' id='page_1' title='image "./workshoracewith01chasgoog/workshoracewith01chasgoog_0118.png"; bbox 0 0 2742 4417; ppageno 0'>
   <div class='ocr_carea' id='block_1_1' title="bbox 475 316 559 381">
    <p class='ocr_par' dir='ltr' id='par_1_1' title="bbox 475 316 559 381">
     <span class='ocr_line' id='line_1_1' title="bbox 475 316 559 381; baseline 0 0"><span class='ocrx_word' id='word_1_1' title='bbox 475 316 559 381; x_wconf 84' lang='lat'><strong>98</strong></span> 
     </span>
    </p>
   </div>
   <div class='ocr_carea' id='block_1_2' title="bbox 1339 298 1762 377">
    <p class='ocr_par' dir='ltr' id='par_1_2' title="bbox 1339 298 1762 377">
     <span class='ocr_line' id='line_1_2' title="bbox 1339 298 1762 377; baseline 0.005 -2"><span class='ocrx_word' id='word_1_2' title='bbox 1339 298 1693 377; x_wconf 64' lang='grc' dir='ltr'>ὀΛιιΜιΝιιΜ</span> <span class='ocrx_word' id='word_1_3' title='bbox 1748 332 1762 346; x_wconf 84' lang='grc'><em>·</em></span> 
     </span>
    </p>
   </div>
   <div class='ocr_carea' id='block_1_3' title="bbox 817 484 2164 1337">
    <p class='ocr_par' dir='ltr' id='par_1_3' title="bbox 817 484 2164 1337">
     <span class='ocr_line' id='line_1_3' title="bbox 902 484 1653 567; baseline -0.004 -20"><span class='ocrx_word' id='word_1_4' title='bbox 902 484 1072 559; x_wconf 90' lang='lat' dir='ltr'><strong>Quae</strong></span> <span class='ocrx_word' id='word_1_5' title='bbox 1103 484 1368 567; x_wconf 76' lang='lat' dir='ltr'><strong>spirabat</strong></span> <span class='ocrx_word' id='word_1_6' title='bbox 1398 503 1653 561; x_wconf 85' lang='lat' dir='ltr'><strong>amores,</strong></span> 
     </span>
     <span class='ocr_line' id='line_1_4' title="bbox 989 567 1831 651; baseline -0.002 -20"><span class='ocrx_word' id='word_1_7' title='bbox 989 568 1160 643; x_wconf 83' lang='lat' dir='ltr'><strong>Quae</strong></span> <span class='ocrx_word' id='word_1_8' title='bbox 1189 590 1286 632; x_wconf 91' lang='lat' dir='ltr'><strong>me</strong></span> <span class='ocrx_word' id='word_1_9' title='bbox 1317 574 1639 651; x_wconf 74' lang='lat' dir='ltr'>surpuerat</span> <span class='ocrx_word' id='word_1_10' title='bbox 1666 567 1831 646; x_wconf 87' lang='lat' dir='ltr'><strong>mihi,</strong></span> 
     </span>
     <span class='ocr_line' id='line_1_5' title="bbox 817 651 2099 738; baseline -0.001 -20"><span class='ocrx_word' id='word_1_11' title='bbox 817 654 992 718; x_wconf 81' lang='lat' dir='ltr'><strong>Felix</strong></span> <span class='ocrx_word' id='word_1_12' title='bbox 1019 661 1155 738; x_wconf 86' lang='lat' dir='ltr'><strong>post</strong></span> <span class='ocrx_word' id='word_1_13' title='bbox 1185 651 1467 716; x_wconf 79' lang='lat' dir='ltr'>Cinaram</span> <span class='ocrx_word' id='word_1_14' title='bbox 1468 659 1757 735; x_wconf 88' lang='lat' dir='ltr'><strong>,notaque</strong></span> <span class='ocrx_word' id='word_1_15' title='bbox 1788 659 1852 716; x_wconf 90' lang='lat' dir='ltr'><strong>et</strong></span> <span class='ocrx_word' id='word_1_16' title='bbox 1878 653 2099 719; x_wconf 85' lang='lat' dir='ltr'><strong>artium</strong></span> 
     </span>
     <span class='ocr_line' id='line_1_6' title="bbox 819 736 2164 804; baseline 0 -1"><span class='ocrx_word' id='word_1_17' title='bbox 819 739 1146 804; x_wconf 84' lang='lat' dir='ltr'><strong>Gratarum</strong></span> <span class='ocrx_word' id='word_1_18' title='bbox 1173 739 1407 803; x_wconf 85' lang='lat' dir='ltr'><strong>facies.</strong></span> <span class='ocrx_word' id='word_1_19' title='bbox 1386 737 1413 785; x_wconf 74' lang='lat'><strong>⁶?</strong></span> <span class='ocrx_word' id='word_1_20' title='bbox 1505 736 1631 801; x_wconf 81' lang='lat' dir='ltr'><strong>Sed</strong></span> <span class='ocrx_word' id='word_1_21' title='bbox 1662 736 1919 803; x_wconf 84' lang='lat' dir='ltr'><strong>Cinarae</strong></span> <span class='ocrx_word' id='word_1_22' title='bbox 1947 739 2164 804; x_wconf 80' lang='lat' dir='ltr'><strong>breves</strong></span> 
     </span>
     <span class='ocr_line' id='line_1_7' title="bbox 905 822 1623 901; baseline -0.004 -14"><span class='ocrx_word' id='word_1_23' title='bbox 905 825 1118 889; x_wconf 89' lang='lat' dir='ltr'><strong>Annos</strong></span> <span class='ocrx_word' id='word_1_24' title='bbox 1145 825 1273 887; x_wconf 87' lang='lat' dir='ltr'><strong>fata</strong></span> <span class='ocrx_word' id='word_1_25' title='bbox 1301 822 1623 901; x_wconf 84' lang='lat' dir='ltr'><strong>dederunt,</strong></span> 
     </span>
     <span class='ocr_line' id='line_1_8' title="bbox 993 908 1694 991; baseline -0.004 -18"><span class='ocrx_word' id='word_1_26' title='bbox 993 908 1324 975; x_wconf 81' lang='lat' dir='ltr'><strong>Servatura</strong></span> <span class='ocrx_word' id='word_1_27' title='bbox 1353 909 1460 971; x_wconf 89' lang='lat' dir='ltr'><strong>diu</strong></span> <span class='ocrx_word' id='word_1_28' title='bbox 1488 928 1694 991; x_wconf 86' lang='lat' dir='ltr'><strong>parem</strong></span> 
     </span>
     <span class='ocr_line' id='line_1_9' title="bbox 822 992 2013 1077; baseline -0.001 -18"><span class='ocrx_word' id='word_1_29' title='bbox 822 993 1094 1059; x_wconf 81' lang='lat' dir='ltr'><strong>Cornicis</strong></span> <span class='ocrx_word' id='word_1_30' title='bbox 1121 995 1360 1057; x_wconf 84' lang='lat' dir='ltr'><strong>vetulae</strong></span> <span class='ocrx_word' id='word_1_31' title='bbox 1390 993 1757 1075; x_wconf 82' lang='lat' dir='ltr'><strong>temporibus</strong></span> <span class='ocrx_word' id='word_1_32' title='bbox 1780 992 2013 1077; x_wconf 81' lang='lat' dir='ltr'><strong>Lycen,</strong></span> 
     </span>
     <span class='ocr_line' id='line_1_10' title="bbox 817 1078 1918 1175; baseline -0.001 -30"><span class='ocrx_word' id='word_1_33' title='bbox 817 1081 1076 1145; x_wconf 86' lang='lat' dir='ltr'><strong>Possent</strong></span> <span class='ocrx_word' id='word_1_34' title='bbox 1103 1086 1174 1141; x_wconf 87' lang='lat' dir='ltr'><strong>ut</strong></span> <span class='ocrx_word' id='word_1_35' title='bbox 1192 1080 1485 1175; x_wconf 83' lang='lat' dir='ltr'><strong>juvenes</strong></span> <span class='ocrx_word' id='word_1_36' title='bbox 1478 1078 1672 1141; x_wconf 83' lang='lat' dir='ltr'><strong>visere</strong></span> <span class='ocrx_word' id='word_1_37' title='bbox 1700 1078 1918 1145; x_wconf 85' lang='lat' dir='ltr'><strong>fervidi</strong></span> 
     </span>
     <span class='ocr_line' id='line_1_11' title="bbox 905 1162 1562 1229; baseline -0.006 -1"><span class='ocrx_word' id='word_1_38' title='bbox 905 1164 1104 1229; x_wconf 85' lang='lat' dir='ltr'><strong>Multo</strong></span> <span class='ocrx_word' id='word_1_39' title='bbox 1131 1185 1251 1227; x_wconf 90' lang='lat' dir='ltr'><strong>non</strong></span> <span class='ocrx_word' id='word_1_40' title='bbox 1279 1164 1407 1227; x_wconf 90' lang='lat' dir='ltr'><strong>sine</strong></span> <span class='ocrx_word' id='word_1_41' title='bbox 1438 1162 1562 1225; x_wconf 90' lang='lat' dir='ltr'><strong>risu</strong></span> 
     </span>
     <span class='ocr_line' id='line_1_12' title="bbox 989 1248 1901 1337; baseline 0 -24"><span class='ocrx_word' id='word_1_42' title='bbox 989 1248 1343 1337; x_wconf 79' lang='lat' dir='ltr'><strong>Dilapsam</strong></span> <span class='ocrx_word' id='word_1_43' title='bbox 1327 1270 1391 1311; x_wconf 89' lang='lat' dir='ltr'><strong>m</strong></span> <span class='ocrx_word' id='word_1_44' title='bbox 1424 1248 1656 1313; x_wconf 87' lang='lat' dir='ltr'><strong>cineres</strong></span> <span class='ocrx_word' id='word_1_45' title='bbox 1684 1248 1901 1313; x_wconf 67' lang='lat' dir='ltr'><strong>facem.</strong></span> 
     </span>
    </p>
   </div>
   <div class='ocr_carea' id='block_1_4' title="bbox 1137 1632 1889 1738">
    <p class='ocr_par' dir='ltr' id='par_1_4' title="bbox 1137 1632 1889 1738">
     <span class='ocr_line' id='line_1_13' title="bbox 1137 1632 1889 1738; baseline -0.003 0"><span class='ocrx_word' id='word_1_46' title='bbox 1137 1632 1610 1738; x_wconf 76' lang='lat' dir='ltr'><strong>GARMEN</strong></span> <span class='ocrx_word' id='word_1_47' title='bbox 1665 1654 1889 1737; x_wconf 82' lang='lat' dir='ltr'>XIV.</span> 
     </span>
    </p>
   </div>
   <div class='ocr_carea' id='block_1_5' title="bbox 817 1976 2079 2096">
    <p class='ocr_par' dir='ltr' id='par_1_5' title="bbox 817 1976 2079 2096">
     <span class='ocr_line' id='line_1_14' title="bbox 817 1976 2079 2096; baseline -0.001 -18"><span class='ocrx_word' id='word_1_48' title='bbox 817 2012 1002 2087; x_wconf 69' lang='lat' dir='ltr'><strong>QUAE.</strong></span> <span class='ocrx_word' id='word_1_49' title='bbox 1023 1976 1180 2077; x_wconf 82' lang='lat' dir='ltr'><strong>eura</strong></span> <span class='ocrx_word' id='word_1_50' title='bbox 1205 2016 1445 2095; x_wconf 84' lang='lat' dir='ltr'><strong>patrum</strong></span> <span class='ocrx_word' id='word_1_51' title='bbox 1498 2032 1727 2096; x_wconf 86' lang='lat' dir='ltr'><strong>quaeve</strong></span> <span class='ocrx_word' id='word_1_52' title='bbox 1759 2008 2079 2085; x_wconf 85' lang='lat' dir='ltr'><strong>Quiritium</strong></span> 
     </span>
    </p>
   </div>
   <div class='ocr_carea' id='block_1_6' title="bbox 696 2098 1898 2178">
    <p class='ocr_par' dir='ltr' id='par_1_6' title="bbox 696 2098 1898 2178">
     <span class='ocr_line' id='line_1_15' title="bbox 696 2098 1898 2178; baseline -0.005 -13"><span class='ocrx_word' id='word_1_53' title='bbox 696 2113 703 2120; x_wconf 67' lang='lat'>⁴</span> <span class='ocrx_word' id='word_1_54' title='bbox 815 2099 1023 2165; x_wconf 88' lang='lat' dir='ltr'><strong>Plenis</strong></span> <span class='ocrx_word' id='word_1_55' title='bbox 1050 2098 1338 2161; x_wconf 90' lang='lat' dir='ltr'><strong>honorum</strong></span> <span class='ocrx_word' id='word_1_56' title='bbox 1367 2098 1712 2160; x_wconf 85' lang='lat' dir='ltr'><strong>muneribus</strong></span> <span class='ocrx_word' id='word_1_57' title='bbox 1742 2103 1898 2178; x_wconf 89' lang='lat' dir='ltr'><strong>tuas,</strong></span> 
     </span>
    </p>
   </div>
   <div class='ocr_carea' id='block_1_7' title="bbox 811 2182 2089 3883">
    <p class='ocr_par' dir='ltr' id='par_1_7' title="bbox 811 2182 2089 3883">
     <span class='ocr_line' id='line_1_16' title="bbox 903 2182 1824 2265; baseline -0.004 -17"><span class='ocrx_word' id='word_1_58' title='bbox 903 2183 1210 2265; x_wconf 85' lang='lat' dir='ltr'><strong>Auguste,</strong></span> <span class='ocrx_word' id='word_1_59' title='bbox 1235 2184 1490 2247; x_wconf 83' lang='lat' dir='ltr'><strong>virtutes</strong></span> <span class='ocrx_word' id='word_1_60' title='bbox 1516 2182 1580 2245; x_wconf 86' lang='lat' dir='ltr'><strong>in</strong></span> <span class='ocrx_word' id='word_1_61' title='bbox 1608 2203 1824 2263; x_wconf 76' lang='lat' dir='ltr'><strong>aevum</strong></span> 
     </span>
     <span class='ocr_line' id='line_1_17' title="bbox 987 2267 1995 2350; baseline 0.001 -19"><span class='ocrx_word' id='word_1_62' title='bbox 987 2268 1112 2332; x_wconf 88' lang='lat' dir='ltr'><strong>Per</strong></span> <span class='ocrx_word' id='word_1_63' title='bbox 1139 2268 1342 2331; x_wconf 86' lang='lat' dir='ltr'><strong>titulos</strong></span> <span class='ocrx_word' id='word_1_64' title='bbox 1369 2288 1780 2350; x_wconf 81' lang='lat' dir='ltr'><strong>memoresque</strong></span> <span class='ocrx_word' id='word_1_65' title='bbox 1809 2267 1995 2332; x_wconf 85' lang='lat' dir='ltr'><strong>fastos</strong></span> 
     </span>
     <span class='ocr_line' id='line_1_18' title="bbox 815 2352 1877 2437; baseline -0.001 -19"><span class='ocrx_word' id='word_1_66' title='bbox 815 2352 1138 2434; x_wconf 79' lang='lat' dir='ltr'><strong>Aeternet,</strong></span> <span class='ocrx_word' id='word_1_67' title='bbox 1167 2374 1204 2416; x_wconf 95' lang='lat' dir='ltr'><strong>o</strong></span> <span class='ocrx_word' id='word_1_68' title='bbox 1259 2374 1382 2437; x_wconf 89' lang='lat' dir='ltr'><strong>qua</strong></span> <span class='ocrx_word' id='word_1_69' title='bbox 1408 2354 1495 2415; x_wconf 90' lang='lat' dir='ltr'><strong>sol</strong></span> <span class='ocrx_word' id='word_1_70' title='bbox 1524 2352 1877 2417; x_wconf 74' lang='lat' dir='ltr'><strong>habitabiles</strong></span> 
     </span>
     <span class='ocr_line' id='line_1_19' title="bbox 816 2436 1973 2523; baseline -0.002 -19"><span class='ocrx_word' id='word_1_71' title='bbox 816 2439 1094 2505; x_wconf 77' lang='lat' dir='ltr'><strong>Illustrat</strong></span> <span class='ocrx_word' id='word_1_72' title='bbox 1120 2459 1256 2501; x_wconf 80' lang='lat' dir='ltr'><strong>oras</strong></span> <span class='ocrx_word' id='word_1_73' title='bbox 1305 2438 1561 2501; x_wconf 83' lang='lat' dir='ltr'><strong>maxime</strong></span> <span class='ocrx_word' id='word_1_74' title='bbox 1592 2438 1969 2523; x_wconf 84' lang='lat' dir='ltr'><strong>principum.</strong></span> <span class='ocrx_word' id='word_1_75' title='bbox 1944 2436 1973 2485; x_wconf 72' lang='lat'><strong>⁴?</strong></span> 
     </span>
     <span class='ocr_line' id='line_1_20' title="bbox 903 2517 1876 2605; baseline -0.001 -17"><span class='ocrx_word' id='word_1_76' title='bbox 903 2522 1098 2599; x_wconf 86' lang='lat' dir='ltr'><strong>Quem</strong></span> <span class='ocrx_word' id='word_1_77' title='bbox 1125 2524 1278 2605; x_wconf 85' lang='lat' dir='ltr'><strong>legis</strong></span> <span class='ocrx_word' id='word_1_78' title='bbox 1307 2530 1592 2605; x_wconf 78' lang='lat' dir='ltr'><strong>expertes</strong></span> <span class='ocrx_word' id='word_1_79' title='bbox 1622 2517 1876 2587; x_wconf 77' lang='lat' dir='ltr'><strong>Latinae</strong></span> 
     </span>
     <span class='ocr_line' id='line_1_21' title="bbox 985 2607 1807 2691; baseline -0.004 -17"><span class='ocrx_word' id='word_1_80' title='bbox 985 2607 1289 2674; x_wconf 82' lang='lat' dir='ltr'><strong>Vindelici</strong></span> <span class='ocrx_word' id='word_1_81' title='bbox 1318 2608 1583 2672; x_wconf 80' lang='lat' dir='ltr'><strong>didicere</strong></span> <span class='ocrx_word' id='word_1_82' title='bbox 1612 2628 1807 2691; x_wconf 89' lang='lat' dir='ltr'><strong>nuper</strong></span> 
     </span>
     <span class='ocr_line' id='line_1_22' title="bbox 812 2692 2009 2777; baseline 0 -20"><span class='ocrx_word' id='word_1_83' title='bbox 812 2693 974 2770; x_wconf 86' lang='lat' dir='ltr'><strong>Quid</strong></span> <span class='ocrx_word' id='word_1_84' title='bbox 1002 2693 1204 2758; x_wconf 84' lang='lat' dir='ltr'><strong>Marte</strong></span> <span class='ocrx_word' id='word_1_85' title='bbox 1232 2714 1453 2777; x_wconf 83' lang='lat' dir='ltr'><strong>posses.</strong></span> <span class='ocrx_word' id='word_1_86' title='bbox 1504 2692 1707 2757; x_wconf 78' lang='lat' dir='ltr'><strong>Milite</strong></span> <span class='ocrx_word' id='word_1_87' title='bbox 1736 2714 1875 2757; x_wconf 86' lang='lat' dir='ltr'><strong>nam</strong></span> <span class='ocrx_word' id='word_1_88' title='bbox 1903 2698 2009 2757; x_wconf 86' lang='lat' dir='ltr'><strong>tuo</strong></span> 
     </span>
     <span class='ocr_line' id='line_1_23' title="bbox 812 2777 2089 2862; baseline -0.002 -18"><span class='ocrx_word' id='word_1_89' title='bbox 812 2779 1049 2844; x_wconf 87' lang='lat' dir='ltr'><strong>Drusus</strong></span> <span class='ocrx_word' id='word_1_90' title='bbox 1079 2778 1425 2855; x_wconf 80' lang='lat' dir='ltr'><strong>Genaunes,</strong></span> <span class='ocrx_word' id='word_1_91' title='bbox 1452 2777 1837 2862; x_wconf 83' lang='lat' dir='ltr'><strong>implacidum</strong></span> <span class='ocrx_word' id='word_1_92' title='bbox 1873 2797 2089 2861; x_wconf 85' lang='lat' dir='ltr'><strong>genus,</strong></span> 
     </span>
     <span class='ocr_line' id='line_1_24' title="bbox 900 2864 1855 2947; baseline -0.001 -19"><span class='ocrx_word' id='word_1_93' title='bbox 900 2864 1294 2947; x_wconf 85' lang='lat' dir='ltr'><strong>Breunosque</strong></span> <span class='ocrx_word' id='word_1_94' title='bbox 1326 2865 1579 2939; x_wconf 87' lang='lat' dir='ltr'><strong>veloces,</strong></span> <span class='ocrx_word' id='word_1_95' title='bbox 1592 2871 1655 2926; x_wconf 85' lang='lat' dir='ltr'><strong>et</strong></span> <span class='ocrx_word' id='word_1_96' title='bbox 1683 2883 1855 2927; x_wconf 85' lang='lat' dir='ltr'><strong>arces</strong></span> 
     </span>
     <span class='ocr_line' id='line_1_25' title="bbox 984 2948 1933 3032; baseline 0.002 -21"><span class='ocrx_word' id='word_1_97' title='bbox 984 2948 1244 3032; x_wconf 89' lang='lat' dir='ltr'><strong>Alpibus</strong></span> <span class='ocrx_word' id='word_1_98' title='bbox 1272 2948 1575 3032; x_wconf 84' lang='lat' dir='ltr'><strong>impositas</strong></span> <span class='ocrx_word' id='word_1_99' title='bbox 1605 2948 1933 3013; x_wconf 83' lang='lat' dir='ltr'><strong>tremendis</strong></span> 
     </span>
     <span class='ocr_line' id='line_1_26' title="bbox 811 3032 1873 3117; baseline -0.001 -19"><span class='ocrx_word' id='word_1_100' title='bbox 811 3032 1054 3117; x_wconf 88' lang='lat' dir='ltr'><strong>Dejecit</strong></span> <span class='ocrx_word' id='word_1_101' title='bbox 1083 3054 1225 3097; x_wconf 88' lang='lat' dir='ltr'><strong>acer</strong></span> <span class='ocrx_word' id='word_1_102' title='bbox 1257 3034 1391 3117; x_wconf 86' lang='lat' dir='ltr'><strong>plus</strong></span> <span class='ocrx_word' id='word_1_103' title='bbox 1421 3034 1551 3096; x_wconf 86' lang='lat' dir='ltr'><strong>vice</strong></span> <span class='ocrx_word' id='word_1_104' title='bbox 1579 3033 1873 3117; x_wconf 80' lang='lat' dir='ltr'><strong>simplici3</strong></span> 
     </span>
     <span class='ocr_line' id='line_1_27' title="bbox 813 3117 2055 3202; baseline 0.002 -21"><span class='ocrx_word' id='word_1_105' title='bbox 813 3117 942 3182; x_wconf 84' lang='lat' dir='ltr'><strong>Ma&#39;</strong></span> <span class='ocrx_word' id='word_1_106' title='bbox 946 3140 1014 3181; x_wconf 91' lang='lat' dir='ltr'><strong>or</strong></span> <span class='ocrx_word' id='word_1_107' title='bbox 1042 3118 1356 3181; x_wconf 87' lang='lat' dir='ltr'><strong>Neronum</strong></span> <span class='ocrx_word' id='word_1_108' title='bbox 1385 3140 1521 3181; x_wconf 85' lang='lat' dir='ltr'><strong>mox</strong></span> <span class='ocrx_word' id='word_1_109' title='bbox 1549 3138 1733 3200; x_wconf 84' lang='lat' dir='ltr'><strong>grave</strong></span> <span class='ocrx_word' id='word_1_110' title='bbox 1764 3118 2055 3202; x_wconf 86' lang='lat' dir='ltr'><strong>proelium</strong></span> 
     </span>
     <span class='ocr_line' id='line_1_28' title="bbox 955 3204 1921 3286; baseline 0.001 -18"><span class='ocrx_word' id='word_1_111' title='bbox 955 3204 1211 3268; x_wconf 88' lang='lat' dir='ltr'><strong>ommisit</strong></span> <span class='ocrx_word' id='word_1_112' title='bbox 1258 3204 1663 3286; x_wconf 84' lang='lat' dir='ltr'><strong>immanesque</strong></span> <span class='ocrx_word' id='word_1_113' title='bbox 1693 3204 1921 3269; x_wconf 85' lang='lat' dir='ltr'><strong>Raetos</strong></span> 
     </span>
     <span class='ocr_line' id='line_1_29' title="bbox 984 3288 1878 3388; baseline 0 -36"><span class='ocrx_word' id='word_1_114' title='bbox 984 3288 1290 3388; x_wconf 87' lang='lat' dir='ltr'><strong>Auspiciis</strong></span> <span class='ocrx_word' id='word_1_115' title='bbox 1317 3288 1560 3387; x_wconf 86' lang='lat' dir='ltr'><strong>pepulit</strong></span> <span class='ocrx_word' id='word_1_116' title='bbox 1576 3288 1878 3367; x_wconf 87' lang='lat' dir='ltr'><strong>secundis,</strong></span> 
     </span>
     <span class='ocr_line' id='line_1_30' title="bbox 817 3372 1920 3457; baseline 0 -19"><span class='ocrx_word' id='word_1_117' title='bbox 817 3372 1240 3457; x_wconf 87' lang='lat' dir='ltr'><strong>Spectandus</strong></span> <span class='ocrx_word' id='word_1_118' title='bbox 1223 3396 1289 3437; x_wconf 89' lang='lat' dir='ltr'><strong>m</strong></span> <span class='ocrx_word' id='word_1_119' title='bbox 1316 3373 1641 3437; x_wconf 87' lang='lat' dir='ltr'><strong>certamine</strong></span> <span class='ocrx_word' id='word_1_120' title='bbox 1670 3373 1920 3454; x_wconf 84' lang='lat' dir='ltr'><strong>Martie,</strong></span> 
     </span>
     <span class='ocr_line' id='line_1_31' title="bbox 811 3457 1782 3541; baseline -0.001 -18"><span class='ocrx_word' id='word_1_121' title='bbox 811 3459 1053 3524; x_wconf 86' lang='lat' dir='ltr'><strong>Devota</strong></span> <span class='ocrx_word' id='word_1_122' title='bbox 1079 3459 1255 3522; x_wconf 87' lang='lat' dir='ltr'><strong>morti</strong></span> <span class='ocrx_word' id='word_1_123' title='bbox 1285 3464 1537 3541; x_wconf 85' lang='lat' dir='ltr'><strong>pectora</strong></span> <span class='ocrx_word' id='word_1_124' title='bbox 1557 3457 1782 3522; x_wconf 85' lang='lat' dir='ltr'><strong>liberae</strong></span> 
     </span>
     <span class='ocr_line' id='line_1_32' title="bbox 902 3541 1730 3626; baseline -0.004 -18"><span class='ocrx_word' id='word_1_125' title='bbox 902 3541 1156 3618; x_wconf 89' lang='lat' dir='ltr'><strong>Quantis</strong></span> <span class='ocrx_word' id='word_1_126' title='bbox 1185 3544 1471 3626; x_wconf 82' lang='lat' dir='ltr'><strong>fatigaret</strong></span> <span class='ocrx_word' id='word_1_127' title='bbox 1499 3542 1730 3620; x_wconf 87' lang='lat' dir='ltr'><strong>ruinis;</strong></span> 
     </span>
     <span class='ocr_line' id='line_1_33' title="bbox 982 3627 1973 3712; baseline -0.002 -19"><span class='ocrx_word' id='word_1_128' title='bbox 982 3628 1312 3693; x_wconf 85' lang='lat' dir='ltr'><strong>Indomitas</strong></span> <span class='ocrx_word' id='word_1_129' title='bbox 1341 3649 1525 3712; x_wconf 90' lang='lat' dir='ltr'><strong>prope</strong></span> <span class='ocrx_word' id='word_1_130' title='bbox 1556 3629 1750 3711; x_wconf 87' lang='lat' dir='ltr'><strong>qualis</strong></span> <span class='ocrx_word' id='word_1_131' title='bbox 1778 3627 1973 3691; x_wconf 88' lang='lat' dir='ltr'><strong>undas</strong></span> 
     </span>
     <span class='ocr_line' id='line_1_34' title="bbox 814 3712 1921 3793; baseline 0.001 -16"><span class='ocrx_word' id='word_1_132' title='bbox 814 3712 1082 3778; x_wconf 79' lang='lat' dir='ltr'><strong>Exercet</strong></span> <span class='ocrx_word' id='word_1_133' title='bbox 1109 3715 1362 3793; x_wconf 87' lang='lat' dir='ltr'><strong>Auster,</strong></span> <span class='ocrx_word' id='word_1_134' title='bbox 1393 3712 1711 3785; x_wconf 76' lang='lat' dir='ltr'><strong>Pleiadum</strong></span> <span class='ocrx_word' id='word_1_135' title='bbox 1741 3714 1921 3778; x_wconf 89' lang='lat' dir='ltr'><strong>choro</strong></span> 
     </span>
     <span class='ocr_line' id='line_1_35' title="bbox 817 3797 1963 3883; baseline 0 -20"><span class='ocrx_word' id='word_1_136' title='bbox 817 3797 1143 3867; x_wconf 75' lang='lat' dir='ltr'><strong>scindente</strong></span> <span class='ocrx_word' id='word_1_137' title='bbox 1173 3799 1389 3880; x_wconf 71' lang='lat' dir='ltr'><strong>nubeS,</strong></span> <span class='ocrx_word' id='word_1_138' title='bbox 1418 3798 1675 3883; x_wconf 81' lang='lat' dir='ltr'><strong>impiger</strong></span> <span class='ocrx_word' id='word_1_139' title='bbox 1704 3799 1963 3873; x_wconf 75' lang='lat' dir='ltr'><strong>hostium</strong></span> 
     </span>
    </p>
   </div>
   <div class='ocr_carea' id='block_1_8' title="bbox 2488 2802 2551 2852">
    <p class='ocr_par' dir='ltr' id='par_1_8' title="bbox 2488 2802 2551 2852">
     <span class='ocr_line' id='line_1_36' title="bbox 2488 2802 2551 2852; baseline 0.016 -1"><span class='ocrx_word' id='word_1_140' title='bbox 2488 2802 2551 2852; x_wconf 86' lang='lat'><strong>10</strong></span> 
     </span>
    </p>
   </div>
   <div class='ocr_carea' id='block_1_9' title="bbox 2490 3223 2550 3273">
    <p class='ocr_par' dir='ltr' id='par_1_9' title="bbox 2490 3223 2550 3273">
     <span class='ocr_line' id='line_1_37' title="bbox 2490 3223 2550 3273; baseline -0.017 0"><span class='ocrx_word' id='word_1_141' title='bbox 2490 3223 2550 3273; x_wconf 85' lang='lat'><strong>15</strong></span> 
     </span>
    </p>
   </div>
  </div>
 </body>
</html>
