2742 4417
432 341 562 406 178
579 349 584 353 ’
1292 351 1663 400 sA'rmARuM

431 515 475 550 “
500 509 631 574 Aut
657 509 878 574 insanit
903 509 1079 572 homo
1111 514 1218 571 aut
1249 529 1457 571 versus
1488 505 1702 570 facit.”
1794 509 1836 542 “
1863 505 2049 570 Ocius
2076 499 2229 570 hinc'
2251 511 2315 570 te

431 596 521 662 Ni
547 598 735 682 rapiS,
767 597 1021 660 accedes
1051 616 1236 680 opera
1265 616 1413 678 agro
1444 615 1603 657 nona
1630 591 1915 656 Sabino.”

1167 712 1172 718 ’
1608 711 1637 740 Ο

1116 1019 1550 1084 SATIRA
1591 1018 1827 1083 VIII.

426 1195 470 1231 “
493 1193 596 1258 ΠΤ
627 1192 942 1256 Nasidieni
963 1192 1124 1275 juvit
1152 1199 1213 1255 te
1246 1213 1435 1254 coena
1463 1191 1626 1253 beati
1652 1190 1678 1254 ⁴?

427 1279 590 1342 Nam
622 1280 764 1342 mihi
796 1279 1108 1362 quaerenti
1143 1300 1453 1341 convnram
1486 1277 1682 1340 dictus
1712 1278 1859 1340 here
1891 1277 2012 1341 illic

424 1364 523 1430 De
555 1366 748 1428 medio
780 1377 987 1449 potare
1020 1365 1181 1427 die.’'
1274 1371 1314 1402 ‘⁴
1343 1364 1443 1426 Sic
1476 1374 1544 1425 ut
1574 1365 1715 1426 mihi
1746 1385 2055 1447 nunquam

424 1451 500 1514 In
535 1453 656 1514 vita
685 1452 868 1514 fuerit
898 1451 1176 1514 melius.’'
1270 1455 1311 1487 “
1337 1451 1456 1524 Da,
1488 1451 1539 1512 si
1571 1472 1755 1532 grave
1786 1472 1905 1513 non
1936 1459 2053 1530 est,

424 1537 593 1610 Quae
627 1539 816 1620 prima
846 1539 1064 1600 iratum
1097 1545 1365 1599 ventrem
1400 1538 1730 1614 placaverit
1759 1536 1966 1613 esca.’'

421 1629 462 1662 ‘⁶
491 1624 566 1686 In
602 1625 812 1706 primis,
837 1623 1118 1687 Lucanus
1150 1643 1338 1706 apsi-3
1383 1623 1501 1684 leni
1532 1623 1647 1685 fuit
1682 1624 1911 1686 Aust-ro

423 1709 676 1792 CaptuS,
709 1718 788 1772 ut.
807 1711 1005 1772 aiebat
1036 1731 1256 1773 coenae
1289 1720 1502 1793 pater;
1550 1709 1713 1771 acria
1744 1710 1971 1772 circum

424 1795 689 1878 Rapula,
721 1798 1018 1874 lactucae,
1051 1797 1307 1873 radices,
1340 1791 1542 1879 qualia
1571 1797 1792 1857 lassum

421 1881 773 1943 Pervellunt
804 1879 1197 1958 stomachum,
1228 1883 1400 1957 siser,
1434 1882 1609 1959 allec,
1642 1882 1878 1944 faecula
1910 1879 2057 1945 Coa.

419 1966 538 2028 His
570 1967 669 2029 ubi
700 1968 946 2044 sublatis
980 1991 1128 2050 puer
1158 1970 1278 2030 alte
1311 1969 1543 2030 cinctus
1576 1989 1856 2029 acernam

421 2051 704 2134 Gausape
738 2076 1036 2136 purpureo
1071 2076 1337 2116 mensam
1371 2055 1673 2137 pertersit,
1706 2067 1768 2115 et
1800 2055 1954 2116 alter

421 2137 700 2222 sublegit
730 2139 1130 2223 quodcunque
1153 2142 1394 2221 jaceret
1421 2141 1631 2202 inutile
1665 2141 1945 2222 quodque

403 2224 634 2288 -Posset
664 2237 984 2288 coenantes
1015 2227 1356 2300 offendere3
1408 2237 1477 2287 ut
1510 2226 1719 2288 Attica
1751 2227 1918 2308 virgo

419 2309 573 2374 Cum
605 2312 790 2374 saeris
823 2311 1062 2375 Cereris
1090 2313 1361 2396 procedit
1392 2312 1598 2374 fuscus
1634 2312 1959 2395 Hydaspes

417 2395 701 2460 Caecuba
734 2399 870 2460 vina
902 2400 1122 2476 ferens,
1161 2400 1355 2460 Alcon
1390 2397 1605 2460 Chium
1639 2399 1816 2461 maris
1848 2419 2082 2482 expers.
2174 2473 2181 2480 ⁹

383 2486 389 2491 '
417 2483 538 2546 Hic
572 2485 791 2546 herus:
841 2485 1166 2558 Albanum,
1202 2485 1550 2560 MaecenaS,
1584 2485 1708 2546 sive
1742 2485 2065 2548 Falernum

413 2569 502 2632 Te
534 2571 724 2652 magis
756 2572 1040 2652 appositis
1073 2571 1358 2659 delectat.
1393 2571 1679 2632 habemus
1712 2571 2098 2654 utrumque-’²

413 2659 455 2690 “
479 2656 736 2718 Divitias
769 2657 1050 2720 miseras!
1147 2655 1270 2720 Sed
1302 2657 1437 2740 quis
1469 2657 1855 2719 coenantibus
1887 2679 2028 2738 una,

411 2739 713 2814 Fundani,
747 2744 992 2824 pulchre
1025 2744 1211 2804 fuerit
1243 2745 1369 2820 tibi,
1403 2765 1574 2805 nosse
1606 2743 1881 2804 lab0r0.''

411 2833 454 2862 ‘⁴
486 2825 765 2894 Summus
797 2850 908 2908 ego
941 2840 1004 2890 et
1036 2851 1216 2912 prope
1250 2851 1344 2892 me
1379 2829 1599 2891 Viscus
1632 2829 1933 2892 Thurinus
1963 2837 2029 2894 et
2054 2829 2213 2894 infra

416 2909 478 2974 Si
513 2913 750 2974 memini
785 2913 1008 2974 Varius
1037 2935 1052 2987 3
1077 2937 1236 2976 cum
1271 2914 1524 2978 Servilio
1562 2916 1882 2977 Balatrone

409 2996 711 3077 Vibidius,
744 3020 892 3081 quas
925 2999 1250 3063 Maecenas
1281 3001 1619 3063 adduxerat
1651 3003 1905 3064 umbras.

411 3083 831 3168 Nomentanus
863 3095 995 3154 erat
1025 3107 1206 3168 super
1239 3089 1457 3170 ipsum,
1494 3087 1741 3150 Porcius
1773 3088 1932 3150 infra

414 3167 732 3232 Ridiculus
766 3180 920 3234 totas
953 3174 1138 3234 semel
1170 3173 1488 3236 obsorbere
1526 3174 1832 3254 placentas
1860 3193 1876 3248 ;

409 3255 828 3319 Nomentanus
861 3259 936 3319 ad
969 3259 1104 3330 hoc,
1136 3259 1237 3340 qui
1269 3261 1319 3322 si
1353 3259 1498 3342 quid
1531 3260 1697 3334 forte,
1717 3261 1936 3321 lateret

409 3340 621 3404 Indice
653 3353 1013 3406 monstraret
1046 3345 1269 3427 digito:
1320 3339 1459 3407 nam
1491 3355 1695 3408 cetera
1728 3346 1927 3421 turba,

409 3425 562 3503 Nos,
595 3428 858 3510 inquam,
892 3443 1212 3492 coenamus
1246 3451 1411 3506 aves,
1445 3431 1780 3514 conchylia,
1815 3431 2030 3514 pisces,

409 3513 617 3595 Longe
651 3514 995 3577 dissimilem
1029 3527 1168 3578 noto
1201 3518 1461 3580 celantia
1492 3537 1779 3591 succum;

408 3598 500 3662 Ut
533 3601 624 3661 vel
657 3601 937 3662 continuo
974 3603 1187 3684 patuit,
1219 3621 1356 3665 cum
1394 3603 1649 3685 passeris
1682 3595 1875 3685 atque

407 3685 733 3767 Ingustata
763 3687 904 3748 mihi
939 3701 1287 3770 porrexerat
1316 3690 1421 3751 ilia
1452 3689 1697 3751 rhombi.

407 3771 555 3834 Post
587 3771 697 3834 hoc
731 3793 824 3834 me
855 3774 1060 3835 docuit
1088 3776 1387 3837 melimela
1419 3775 1635 3836 rubere
1668 3776 1954 3837 minorem

406 3857 512 3921 Ad
541 3858 745 3920 lunam
777 3858 1034 3921 delecta.
1129 3859 1289 3932 Quid
1319 3861 1431 3923 hoc
1461 3859 1701 3924 intersit
1730 3862 1805 3924 ab
1834 3861 1965 3942 ipso
2018 3927 2025 3932 ,

2452 1989 2517 2039 10

2442 2419 2585 2478 1⁸,
