2742 4417
936 355 1066 401 mn.
1112 354 1161 401 1.
1209 334 1430 401 nP1sr.'
1459 354 1524 401 v.

180 510 405 574 Gratia
433 508 839 592 nequicquam
870 508 989 573 coit
1018 514 1083 570 et
1110 508 1472 571 rescinditur
1544 504 1634 569 At
1663 492 1770 586 v'os

180 595 311 659 Seu
344 596 579 660 calidus
610 596 855 678 sanguis
884 617 993 658 seu
1024 614 1225 657 rerum
1252 594 1491 657 inscitia
1518 600 1699 656 vexat

173 681 489 744 Indomita
518 680 755 743 cervice
786 681 967 759 feros,
996 680 1341 762 ubicunque
1387 680 1651 741 locorum

174 764 428 844 vivitis,
442 766 673 849 indigni
704 766 1036 828 fraternum
1068 786 1343 847 rumpere
1373 764 1607 843 foedus,

178 851 472 924 Pascitur
499 853 563 915 in
592 858 860 915 vestrum
889 852 1150 914 reditum
1179 850 1380 913 votiva
1397 852 1683 934 juvenca.

830 1269 1379 1337 EPISTOLA
1454 1271 1604 1337 ·1v.

171 1446 383 1522 Arm,
412 1450 751 1507 nostrorum
781 1464 1117 1505 sermonum
1148 1442 1401 1505 candide
1422 1443 1637 1526 judex,

176 1530 347 1603 Quid
378 1551 540 1607 nunc
573 1537 633 1591 te
667 1529 863 1591 dicam
893 1530 1093 1591 facere
1124 1529 1187 1590 in
1218 1530 1462 1611 regione
1496 1526 1784 1591 Pedana?

176 1616 469 1679 Scribere
503 1614 663 1698 quod
688 1612 867 1683 ,Cassi
899 1614 1240 1676 Parmensis
1270 1614 1558 1696 opuscula
1587 1615 1810 1693 vincat,

171 1702 283 1764 An
314 1701 572 1765 tacitum
602 1700 780 1763 silvas
811 1699 971 1761 inter
1000 1708 1239 1782 reptare
1272 1699 1564 1777 salubres,

174 1785 520 1849 Curantem
552 1784 837 1867 quidquid
867 1785 1117 1867 dignum
1145 1785 1415 1867 sapiente
1446 1785 1716 1868 bonoque
1747 1782 1888 1849 est?

170 1872 327 1934 Non
358 1880 427 1933 tu
456 1892 673 1953 corpus
706 1892 841 1933 eras
868 1871 996 1933 sine
1028 1878 1289 1953 pectore.
1340 1868 1426 1932 Di
1455 1870 1562 1931 tibi
1596 1870 1868 1950 formam,

170 1956 263 2021 Di
296 1956 407 2019 tibi
436 1956 674 2018 divitias
704 1955 1003 2017 dederunt
1032 1964 1341 2037 artemque
1370 1955 1632 2017 fruendi.

173 2041 347 2116 Quid
379 2049 595 2105 voveat
624 2041 783 2103 dulci
812 2041 1112 2104 nutricula.
1141 2042 1330 2123 majus
1361 2041 1622 2119 alumn0,

174 2127 304 2201 Qui
336 2148 550 2210 sapere
584 2134 646 2189 et
674 2126 787 2188 fari
820 2127 999 2209 possit
1028 2147 1183 2209 quae
1214 2126 1456 2203 sentiat,
1488 2135 1550 2187 et
1579 2125 1678 2189 cui

174 2212 424 2289 Gratia,
456 2212 638 2289 fama,
670 2212 950 2274 valetudo
980 2212 1287 2293 contingat
1317 2211 1576 2289 abunde,

174 2299 269 2361 Et
298 2298 559 2360 mundus
589 2298 782 2359 victus
812 2319 931 2359 non
960 2297 1275 2360 deficiente
1307 2294 1639 2359 crumena?

174 2384 359 2447 Inter
389 2405 557 2467 spem
589 2403 937 2465 curamque,
969 2383 1211 2459 timores
1238 2383 1397 2446 inter
1426 2392 1490 2445 et
1517 2383 1663 2457 iras,

178 2469 445 2533 Omnem
476 2467 657 2531 crede
689 2467 849 2529 diem
881 2468 984 2530 tibi
1013 2468 1295 2531 diluxisse
1326 2487 1709 2549 supremum:

179 2554 383 2618 Grata
410 2553 797 2636 superveniet
848 2574 1002 2636 quae
1032 2575 1152 2616 non
1181 2554 1518 2636 sperabitur
1556 2552 1722 2615 hora.

176 2640 290 2703 Me
322 2640 609 2723 pinguem
640 2647 703 2700 et
731 2638 985 2701 nitidum
1013 2639 1165 2701 bene
1198 2645 1410 2701 curata
1439 2645 1577 2701 cute
1609 2638 1765 2701 vises

181 2725 341 2789 Cum
370 2725 573 2789 ridere
605 2724 768 2788 voles
798 2724 1048 2809 Epicuri
1076 2724 1152 2786 de
1182 2744 1369 2807 grege
1401 2744 1668 2807 porcum.

861 3152 1414 3218 EPISTOLA
1500 3154 1586 3223 V.

188 3326 264 3391 St
293 3333 469 3411 potes
486 3324 819 3389 Archiacis
849 3324 1099 3387 conviva
1126 3325 1476 3388 recumbere
1504 3325 1680 3389 lectis

184 3414 320 3477 Nee
352 3411 593 3475 modica
623 3431 875 3473 coenare
910 3411 1082 3473 times
1112 3412 1241 3473 olus
1271 3432 1444 3473 omne
1476 3411 1722 3493 patella,

188 3498 489 3580 Supremo
520 3504 581 3558 te
612 3497 735 3558 sole
765 3496 947 3572 domi,
979 3495 1301 3577 Torquate,
1332 3497 1606 3559 manebo.

184 3583 352 3646 Vina
383 3583 551 3652 bibes
583 3581 797 3643 iterum
829 3582 1025 3654 Tauro
1059 3581 1274 3643 diffusa
1302 3583 1600 3664 palustres

186 3669 362 3737 Inter,
392 3667 737 3729 Minturnas
772 3665 1317 3748 Sinuessanumque
1351 3666 1683 3729 Petrinum.

190 3752 256 3816 Si
288 3753 503 3815 melius
534 3751 679 3834 quid
709 3752 917 3830 habes,
948 3773 1184 3814 arcesse
1240 3754 1336 3814 vel
1366 3753 1677 3833 imperium
1709 3752 1822 3814 fer.

182 3839 229 3902 J
232 3837 565 3903 amdudnm
594 3837 871 3919 splendet
898 3838 1066 3901 focus
1096 3845 1160 3900 et
1190 3838 1299 3899 tibi
1325 3837 1550 3901 munda
1579 3838 1870 3921 supellex.
1945 3890 1960 3903 .

2075 294 2262 401 '187
2351 314 2436 363 ·'

2203 2232 2268 2281 10

2203 2659 2268 2709 16
