2742 4417
407 303 534 372 138
1258 319 1633 370 summum

404 479 774 542 Absterrent
802 475 1038 540 vitiis.”¹
1083 545 1092 554 ,
1120 467 1216 540 Ex
1245 477 1360 541 hoc
1392 499 1505 562 ego
1534 497 1715 540 sanus
1746 475 1821 540 ab
1850 477 1967 541 illis

405 565 744 630 Perniciem
775 563 1174 648 quaecunque
1203 565 1431 643 ferunt,
1454 563 1854 626 mediocribus
1884 573 1947 627 et
1978 564 2113 649 quis

405 651 888 735 Ignoscas‘vitiis
922 659 1170 727 teneor3
1217 651 1491 714 fortassis
1523 657 1587 712 et
1616 651 1791 712 istinc

405 739 692 821 Largiter
721 738 1039 802 abstulerit
1067 738 1249 820 longa
1280 746 1472 816 aetaS,
1504 737 1656 798 liber
1686 736 1939 813 amicuS,

407 825 734 888 Consilium
768 824 1114 908 propri-um3
1159 846 1358 908 neque
1393 824 1549 886 enim
1582 844 1722 885 cum
1754 824 2014 886 lectulus
2046 830 2153 888 aut
2180 845 2278 888 me

405 911 685 975 Porticus
717 911 957 992 excepit
984 911 1195 980 desum
1225 910 1387 973 mihi.
1475 915 1517 946 ‘⁶
1542 909 1793 972 Rectius
1822 910 1935 974 hoc
1971 919 2064 974 est
2090 934 2107 974 τ

405 999 544 1062 Hoc
576 999 804 1062 faciens
835 997 1030 1060 vivam
1061 999 1311 1060 melius:
1365 996 1467 1060 Sic
1498 996 1691 1058 dulcis
1721 996 1926 1058 amicis
1952 1041 1957 1045 -

409 1083 782 1148 Occurram:
833 1083 972 1146 Hoc
1004 1085 1248 1168 quidam
1279 1105 1397 1146 non
1430 1084 1625 1146 belle:
1673 1083 1967 1166 numquid
1998 1105 2111 1166 ego
2140 1083 2227 1147 illi

405 1171 770 1255 Imprudens
804 1171 939 1234 olim
973 1171 1188 1234 faciam
1221 1171 1411 1233 simile
1438 1169 1464 1232 ‘2
1493 1171 1533 1200 ’'
1624 1169 1803 1232 Haec
1836 1189 1949 1251 ego
1978 1191 2219 1234 mecum

297 1303 302 1308 -
407 1257 781 1342 Compressis
813 1258 976 1340 agito
1005 1245 1248 1333 labris'f
1275 1258 1375 1320 ubi
1406 1256 1552 1340 quid
1585 1255 1766 1318 datur
1796 1257 1879 1319 oti

407 1345 607 1408 Iliudo
639 1345 883 1408 chartis·
977 1344 1114 1425 Hoc
1147 1351 1238 1407 est
1268 1344 1667 1407 mediocribus
1702 1342 1818 1406 illis

324 1487 328 1492 ,
408 1431 506 1495 Ex
539 1433 696 1494 vitiis
729 1454 911 1494 unum
941 1452 957 1510 ;
1005 1431 1103 1495 cui
1132 1431 1180 1495 si
1215 1431 1549 1494 concedere
1583 1428 1733 1492 nolis

409 1518 610 1582 Multa
639 1521 954 1602 poetarum
987 1519 1190 1581 veniat
1219 1539 1431 1580 manus
1464 1516 1683 1580 auxilio
1715 1537 1871 1598 quae

412 1604 508 1668 Sit
536 1601 679 1668 mihi
715 1609 892 1688 (nam
917 1606 1104 1668 multo
1135 1605 1338 1688 plures
1369 1604 1639 1685 sumus),
1672 1624 1743 1665 ac
1778 1603 1965 1666 veluti
1994 1609 2057 1668 te
2162 1618 2167 1624 '

405 1691 633 1756 Judaei
664 1713 948 1776 cogemus
977 1693 1039 1755 in
1069 1693 1224 1754 hanc
1256 1691 1591 1755 concedere
1622 1690 1883 1753 turbam.
2122 1703 2133 1712 ·

1157 2118 1591 2185 SATIRA
1662 2118 1755 2184 V.

363 2299 370 2304 '
406 2293 759 2360 Eennssun
791 2315 1010 2378 magna
1039 2317 1136 2357 me
1169 2294 1410 2378 excepit
1439 2291 1875 2366 AriciaRoma

408 2380 687 2466 Hospitio
717 2381 950 2446 modico
977 2403 994 2458 ;
1041 2383 1248 2444 rhetor
1278 2402 1477 2444 comes
1509 2379 1899 2460 HeliodoruS‚

409 2465 780 2532 Graecorum
812 2471 988 2552 longe
1022 2468 1399 2531 doctissimus
1426 2487 1443 2543 ;
1487 2467 1629 2528 inde
1662 2467 1886 2531 Forum
1917 2466 2107 2554 Appi,

405 2553 728 2618 Differtum
759 2555 959 2618 nautis
989 2555 1356 2637 cauponibus
1390 2562 1573 2636 atque
1603 2555 1899 2637 malignis.

406 2639 546 2702 Hoc
577 2641 694 2703 iter
725 2641 926 2723 ignavi
960 2642 1291 2717 divisimus,
1324 2642 1504 2718 altius
1536 2661 1607 2702 ac
1638 2662 1745 2703 nos

408 2725 788 2789 Praecinctis
819 2750 1004 2789 unum
1033 2748 1048 2804 ;
1096 2728 1290 2790 minus
1316 2734 1410 2790 est
1440 2727 1643 2808 gravis
1676 2727 1879 2812 Appia
1908 2727 2121 2792 tardis.

406 2811 529 2876 Hic
563 2834 676 2895 ego
708 2821 953 2896 propter
981 2835 1222 2897 aquam,
1255 2813 1416 2897 quod
1450 2821 1583 2876 erat
1612 2814 1959 2893 deterrima,
1992 2815 2191 2880 ventri

408 2897 622 2962 Indico
653 2900 901 2974 bellum,
937 2908 1260 2962 coenantes
1292 2900 1453 2963 haud
1487 2901 1684 2962 animo
1716 2921 1910 2984 aequo

407 2985 799 3068 Exspectans-
819 2987 1116 3062 comites„
1175 2986 1212 3049 J
1223 3009 1319 3049 am
1349 3009 1468 3049 nox
1498 2987 1785 3050 inducere
1819 2989 1997 3052 terris

407 3071 672 3136 Umbras
703 3079 766 3135 et
796 3074 962 3134 caelo
996 3073 1330 3136 diffundere
1365 3074 1541 3155 signa
1569 3075 1826 3158 parabat
1851 3095 1868 3152 3

407 3159 562 3222 Tum
595 3159 766 3242 pueri
795 3160 1016 3239 nautis,
1047 3160 1250 3242 pueris
1281 3159 1553 3222 convicia
1582 3167 1803 3224 nautae

407 3243 722 3329 Ingerere.
817 3245 960 3308 Huc
997 3247 1230 3329 appelle
1257 3245 1273 3311 l
1365 3247 1697 3310 Trecentos
1727 3246 1984 3312 inserisc
2034 3247 2149 3311 ohe

405 3331 451 3396 J
455 3354 549 3394 am
581 3333 725 3394 satis
762 3331 896 3396 est!
988 3331 1150 3396 Dum
1183 3353 1287 3395 aes
1321 3329 1612 3415 exigitur,
1645 3333 1787 3396 dum
1820 3335 1983 3396 mula
2011 3335 2261 3418 ligatur,

407 3419 561 3482 Tota
592 3419 717 3480 abit
745 3419 913 3481 hora.
1007 3419 1159 3481 Mali
1191 3419 1414 3482 culices
1447 3441 1751 3502 ranaeque
1782 3421 2084 3504 palustres

407 3505 718 3568 Avertunt
749 3526 1006 3583 somnos,
1041 3506 1350 3568 absentem
1383 3513 1452 3568 ut
1482 3515 1688 3570 cantat
1720 3508 1975 3570 amicam

407 3591 608 3654 Multa
641 3593 911 3674 prolutus
943 3613 1140 3675 vappa
1170 3600 1356 3654 nauta
1389 3602 1573 3676 atque
1607 3593 1801 3656 viator

410 3676 724 3740 Certatim.
816 3677 1088 3740 Tandem
1117 3680 1310 3741 fessus
1343 3679 1602 3742 dormire
1636 3681 1829 3743 viator
1912 3709 1921 3715 ·

410 3763 658 3847 Incipit,
689 3785 760 3826 ac
791 3764 1006 3827 missae
1038 3773 1277 3848 pastum
1309 3765 1645 3828 retinacula
1674 3768 1873 3830 mulae

411 3849 478 3914 N
480 3859 626 3914 anta
653 3850 828 3935 piger
856 3870 1000 3914 saxo
1031 3851 1252 3934 religat
1279 3851 1599 3936 stertitque
1630 3852 1897 3936 supinus.

2420 577 2605 646 130-

2422 1009 2532 1057 135

2418 1441 2528 1493 140

2448 3096 2511 3146 1⁰

2448 3523 2510 3575 15
