2742 4417
448 309 576 373 191
1272 327 1718 399 nmsronanmu

450 479 552 543 Sic
584 502 698 563 ego
748 482 987 566 majoris
1014 481 1253 565 fugiens
1282 482 1599 566 opprobria
1623 484 1838 568 culpae

444 566 685 630 Frontis
718 568 796 630 ad
828 568 1093 631 urbanae
1124 568 1412 631 descendi
1441 570 1726 651 praemia.
1817 568 2048 643 Quodsi

445 652 802 735 Depositum
830 654 1042 718 laudas
1071 654 1145 717 ob
1178 654 1350 717 amici
1371 654 1546 737 jussa
1581 654 1891 737 pudorem,

450 736 659 803 Scribe
691 740 781 803 tui
810 741 1015 824 gregis
1041 739 1201 803 hunc
1258 746 1321 803 et
1350 739 1568 803 fortem
1597 740 1777 803 crede
1807 741 2164 826 bonumque.

1104 1167 1688 1234 EPISTOLA
1756 1170 1866 1235 X.

440 1338 659 1413 Unms
690 1346 1019 1404 amatorem
1044 1340 1311 1405 Fuscum
1342 1341 1576 1405 salvere
1596 1340 1881 1425 jubemus

440 1424 625 1489 Ruris
656 1435 973 1505 amatoreS,
1003 1426 1117 1489 hac
1145 1427 1211 1491 in
1237 1447 1305 1490 re
1334 1427 1566 1491 scilicet
1597 1447 1724 1490 una

440 1511 706 1575 Multum
736 1512 1071 1591 dissimiles,
1102 1517 1167 1575 at
1195 1516 1442 1573 caetera
1470 1532 1666 1595 paene
1697 1509 1984 1593 gemelli3

438 1597 749 1661 Fraternis
780 1598 1012 1677 animis,
1042 1596 1329 1681 quidquid
1358 1604 1546 1680 negat
1573 1599 1731 1661 alter
1781 1607 1848 1661 et
1873 1600 2064 1681 alter3
2137 1617 2140 1620 ·

439 1682 781 1747 Annuimus
810 1684 1038 1767 pariter
1068 1684 1253 1746 vetuli
1281 1684 1525 1767 notique
1556 1684 1832 1747 columbi.

439 1770 537 1832 Tu
566 1770 771 1832 nidum
802 1788 1034 1846 servas3
1060 1790 1174 1851 ego
1206 1768 1388 1832 laudo
1418 1770 1574 1833 ruris
1604 1770 1836 1833 amoeni

387 1914 392 1919 .
438 1855 625 1920 Rivos
656 1862 718 1919 et
746 1876 951 1918 musco
982 1855 1316 1918 circumlita
1344 1872 1492 1917 saxa
1521 1876 1874 1938 nemusque.

441 1939 601 2012 Quid
632 1939 921 2024 quaeris?
1008 1940 1168 2005 Vivo
1196 1949 1261 2003 et
1290 1962 1478 2023 regno
1529 1942 1703 2004 simul
1732 1941 1850 2004 ista
1875 1941 2092 2027 reliqui

441 2023 611 2097 Quae
642 2048 747 2089 vos
776 2026 855 2089 ad
882 2027 1114 2092 caelum
1143 2026 1315 2089 fertis
1344 2048 1581 2089 rumore
1613 2027 1914 2093 secundo:

439 2109 650 2194 thue
681 2112 1009 2177 sacerdotis
1037 2112 1325 2195 fugitivus
1348 2113 1470 2175 liba
1499 2132 1749 2189 recuso;

438 2196 608 2260 Pane
639 2218 789 2281 egeo
806 2198 939 2282 jam
964 2198 1204 2262 mellitis
1233 2199 1461 2283 potiore
1491 2199 1801 2283 placentis.

437 2282 667 2347 Vivere
697 2292 951 2347 naturae
980 2285 1049 2348 si·
1062 2285 1489 2366 convenienter
1517 2292 1756 2368 oportet

436 2369 882 2455 Ponendaeque
915 2370 1089 2434 domo
1118 2370 1462 2455 quaerenda
1495 2377 1588 2433 est
1617 2392 1762 2434 area
1788 2369 2069 2455 primum,

436 2455 753 2519 Novistine
783 2458 981 2519 locum
1012 2456 1301 2541 potiorem
1330 2477 1472 2519 rure
1500 2456 1730 2519 beato?

436 2541 552 2605 Est
580 2543 681 2606 ubi
711 2544 846 2626 plus
876 2550 1127 2626 tepeant
1156 2542 1406 2621 hiemeS‚
1435 2542 1537 2604 ubi
1569 2542 1795 2625 gratior
1823 2562 1974 2605 aura

435 2627 654 2714 Leniat
682 2638 745 2691 et
773 2628 1000 2691 rabiem
1034 2628 1215 2692 Canis
1245 2636 1308 2691 et
1334 2636 1637 2711 momenta
1677 2627 1916 2705 LeoniS‚

438 2712 591 2776 Cum
620 2715 805 2777 semel
836 2716 1073 2798 accepit
1099 2715 1284 2777 solem
1313 2713 1672 2777 furibundus
1709 2710 2000 2777 acutum?

434 2797 551 2861 Est
579 2800 682 2862 ubi
712 2799 958 2863 divellat
986 2796 1219 2863 somnos
1248 2799 1444 2862 minus
1471 2800 1677 2862 invida
1703 2797 1898 2862 eura?

433 2884 721 2947 Deterius
752 2883 994 2975 Libyeis
1023 2886 1146 2948 olet
1174 2892 1281 2948 aut
1308 2886 1464 2948 nitet
1491 2884 1681 2947 herba.
1706 2885 1923 2968 lapillis
1948 2882 1976 2948 ’ἒ

433 2968 650 3033 Purior
676 2970 740 3033 in
769 2971 914 3034 vicis
944 2991 1102 3055 aqua
1130 2970 1325 3034 tendit
1352 2992 1632 3053 rumpere
1663 2970 1970 3054 plumbum

433 3053 627 3127 Quam
659 3078 813 3156 quae
843 3078 954 3140 per
982 3078 1235 3139 pronum
1263 3057 1528 3139 trepidat
1556 3077 1692 3119 cum
1719 3077 2024 3120 murmure
2053 3052 2300 3123 rivum?

431 3140 671 3225 Nempe
700 3149 861 3205 mter
890 3142 1087 3205 varias
1114 3143 1382 3205 nutritur
1410 3142 1561 3205 silva.
1589 3144 1916 3222 columnaS,

430 3226 863 3311 Laudaturque
894 3228 1103 3291 domus
1154 3229 1363 3311 longos
1391 3249 1548 3311 quae
1577 3229 1862 3312 prospicit
1892 3248 2090 3311 agros.

429 3312 730 3377 Naturam
761 3315 1023 3397 expellas
1052 3314 1245 3392 furca,
1278 3322 1480 3377 tamen
1509 3336 1699 3397 usque
1729 3321 2027 3395 recurret,

393 3438 397 3443 -
428 3397 515 3461 Et
540 3400 700 3463 mala
736 3407 1083 3484 perrumpet
1110 3400 1319 3463 furtim
1344 3399 1590 3463 fastidia
1616 3400 1852 3463 victrix.

426 3483 570 3545 Non
624 3485 726 3568 qui
762 3484 1003 3549 Sidonio
1034 3485 1398 3551 contendere
1430 3486 1680 3548 callidus
1709 3492 1871 3549 ostro

429 3567 647 3633 Nescit
674 3570 1045 3653 Aquinatem
1074 3572 1344 3655 potantia
1373 3572 1600 3635 vellera
1636 3571 1846 3634 fucum

430 3653 669 3719 Certius
698 3657 953 3741 accipiet
981 3658 1263 3723 damnum
1291 3657 1652 3743 propiusque
1681 3658 1984 3736 medullis,

428 3738 622 3813 Quam
652 3742 757 3826 qui
785 3765 902 3807 non
932 3744 1153 3827 poterit
1181 3764 1323 3807 vero
1355 3743 1722 3826 distinguere
1753 3743 1993 3806 falsum.
2059 3759 2071 3773 ‘

428 3825 623 3900 Quem
650 3849 748 3891 res
776 3830 911 3917 plus
939 3830 1119 3893 nimio
1149 3830 1532 3897 delectavere
1561 3829 1888 3910 secundae,

2464 2135 2527 2185 1⁰

2459 2563 2522 2612 15
