2742 4417
372 329 498 393 208
789 411 800 418 .
1188 345 1630 393 EPISTOLAR-UM

373 497 628 562 Ostendi
657 497 853 576 Latio,
883 519 1160 562 numeros
1190 499 1533 580 animosque
1564 503 1807 560 secutus

370 583 738 656 Archilochi,
774 605 889 645 non
921 605 1016 646 res
1047 594 1111 646 et
1139 584 1381 664 agentia
1410 585 1593 646 verba
1623 583 1988 668 Lycamben.

370 669 467 732 Ac
499 690 574 732 ne
605 690 698 730 me
729 669 880 730 foliis
915 669 1048 731 ideo
1077 669 1444 732 brevioribus
1475 678 1679 731 ornes·
1889 683 1897 690 ·

371 752 546 826 Quod
577 754 744 815 timui
775 764 1006 816 mutare
1037 754 1240 816 modos
1270 762 1335 816 et
1363 755 1640 817 carminis
1670 759 1886 830 artem,
1932 745 1955 762 ⁹

369 838 692 922 Temperat
725 839 1070 902 Archilochi
1103 817 1338 902 Musam
1372 840 1525 922 pede
1558 839 1827 902 muscula
1858 837 2124 922 SapphO,

370 923 691 1006 Temperat
720 925 1008 1002 Alcaeus,
1039 924 1146 986 sed
1176 925 1353 988 rebus
1386 933 1449 986 et
1476 924 1683 987 ordine
1716 923 1939 1006 dispar,

369 1009 504 1072 Nec
535 1030 806 1071 socerum
835 1013 1073 1092 quaerit
1101 1029 1280 1091 quem
1311 1010 1578 1072 versibus
1608 1009 1831 1072 oblinat
1860 1008 2029 1088 atria,

368 1093 504 1157 Nec
536 1115 785 1177 sponsae
817 1095 1098 1176 laqueum
1129 1095 1352 1157 famoso
1384 1096 1647 1156 carmine
1678 1094 1887 1157 nectit.

291 1251 300 1259 ⁴
368 1179 552 1242 Hunc
587 1201 699 1260 ego
729 1200 848 1241 non
877 1179 991 1242 alio
1021 1179 1248 1240 dictum
1280 1179 1444 1262 prius
1474 1200 1575 1242 ore
1610 1179 1859 1242 Latinus

369 1263 644 1346 Vulgavi.
664 1263 880 1325 fidicen
903 1284 920 1340 3
955 1265 1134 1348 juvat
1162 1264 1569 1327 immemorata
1597 1265 1893 1328 ferentem

368 1348 657 1431 Ingenuis
687 1350 990 1432 oculisque
1021 1349 1142 1432 legi
1169 1350 1560 1433 manibusque
1592 1350 1804 1412 teneri.

371 1433 541 1498 Scire
575 1434 718 1496 velis
749 1456 883 1497 mea
912 1456 1020 1497 cur
1048 1435 1318 1518 ingratus
1348 1436 1635 1518 opuscula
1662 1436 1853 1498 lector
1968 1473 1980 1483 ·

368 1519 606 1582 Laudet
635 1528 912 1602 ametque
944 1520 1122 1596 domi,
1155 1529 1389 1603 premat
1419 1528 1590 1582 extra
1618 1521 1797 1583 limen
1826 1516 2113 1604 iniquus?

367 1605 510 1668 Non
540 1627 652 1688 ego
684 1615 962 1668 ventosae
995 1607 1181 1688 plebis
1217 1605 1501 1688 suffragia
1533 1627 1715 1668 venor

367 1690 662 1774 Impensis
693 1711 1010 1753 coenarum
1042 1701 1104 1758 et
1134 1692 1309 1754 tritae
1341 1713 1586 1754 munere
1620 1691 1840 1768 vestis;

367 1776 510 1839 Non
541 1797 654 1858 ego
684 1777 966 1846 nobilium
996 1776 1352 1858 scriptorum
1384 1777 1621 1840 auditor
1652 1785 1713 1839 et
1741 1779 1900 1839 ultor

369 1860 806 1924 Grammaticas
837 1863 1060 1924 ambire
1094 1863 1284 1924 tribus
1314 1871 1378 1924 et
1406 1863 1635 1945 pulpita
1664 1862 1911 1944 dignor:
1960 1877 1967 1882 '

366 1945 531 2009 Hinc
560 1947 696 2008 illae
727 1947 1025 2009 lacrimae.
1113 1953 1153 1984 “
1182 1947 1401 2030 Spissis
1431 1948 1679 2030 indigna
1710 1949 1961 2010 theatris

369 2029 610 2112 Scripta
639 2031 826 2115 pudet
855 2033 1111 2096 recitare
1143 2040 1206 2095 et
1233 2034 1412 2114 nugis
1444 2034 1665 2104 addere
1699 2030 1993 2116 pondus,’'
2106 2085 2116 2091 .

369 2115 436 2180 Si
468 2117 624 2179 dixi:
673 2123 712 2152 ‘⁴
737 2117 989 2194 Rides‚’'
1025 2119 1130 2193 ait,
1165 2123 1206 2154 “
1230 2129 1292 2180 et
1319 2118 1364 2182 J
1366 2119 1491 2182 ovis
1522 2120 1764 2182 auribus
1792 2121 1909 2183 ista

368 2200 631 2278 Servas3
676 2203 810 2265 fidis
843 2204 998 2266 enim
1029 2226 1271 2267 manare
1303 2205 1540 2287 poetica
1569 2207 1747 2268 mella

363 2287 452 2350 Te
483 2289 691 2366 solum,
722 2289 828 2350 tibi
860 2289 1168 2372 pulcher.’'
1257 2290 1362 2355 Ad
1388 2293 1535 2354 haec
1570 2312 1682 2372 ego
1712 2289 1957 2353 naribus
1986 2289 2077 2354 uti

323 2445 338 2458 ,
361 2370 664 2451 Formido,
697 2383 760 2436 et
789 2375 1071 2439 luctantis
1101 2383 1278 2440 acuto
1309 2397 1385 2439 ne
1416 2398 1588 2439 secer
1617 2377 1826 2458 ungui,

361 2463 406 2496 ‘⁶
429 2459 722 2542 Displicet
750 2461 860 2523 iste
894 2462 1124 2540 locuS‚'’
1161 2463 1371 2540 clame,
1404 2468 1445 2500 “
1468 2471 1533 2525 et
1562 2462 1787 2525 diludia
1818 2461 2062 2545 posc0.”
2103 2490 2112 2499 ·

361 2542 571 2608 Ludus
602 2547 757 2608 enim
789 2548 997 2630 genuit
1027 2548 1324 2630 trepidum
1356 2556 1663 2612 certamen
1692 2556 1757 2610 et
1783 2548 1957 2627 iram,

359 2627 467 2693 Ira
497 2641 696 2695 truces
725 2633 1060 2698 inimicitias
1092 2643 1155 2698 et
1183 2635 1436 2698 funebre
1466 2635 1704 2698 bellum.

1013 3057 1525 3124 EPISTOLA
1596 3060 1768 3126 XX.

354 3239 778 3305 VERTUMNUM
805 3240 849 3304 J
852 3261 1172 3323 anumque,
1201 3241 1375 3321 liber,
1406 3251 1678 3326 spectare
1710 3243 1953 3324 videris,

359 3325 603 3389 Scilicet
631 3335 700 3389 ut
729 3336 959 3410 prostes
993 3325 1294 3390 Sosiorum
1324 3329 1559 3412 pumice
1590 3329 1869 3393 mundus.-

357 3410 556 3474 Odisti
588 3413 786 3475 claves
817 3421 880 3474 et
909 3425 1084 3496 grata
1113 3413 1310 3496 sigilla
1338 3414 1595 3496 pudico;

353 3495 574 3560 Paucis
605 3497 837 3560 ostendi
869 3500 1058 3580 gemis
1089 3509 1152 3562 et
1181 3501 1517 3564 communia
1546 3501 1781 3580 laudae,

353 3581 495 3646 Non
525 3582 612 3644 ita
639 3583 920 3646 nutritus.
1015 3585 1186 3668 Fuge
1217 3589 1335 3668 quo
1367 3587 1733 3650 descendere
1765 3586 1969 3669 gestis.

351 3665 414 3732 N
421 3690 493 3730 on
525 3668 641 3730 erit
670 3669 881 3731 emisso
912 3669 1140 3734 reditus
1173 3671 1298 3735 tibi.
1389 3677 1430 3709 “
1454 3672 1624 3751 Quid·
1643 3674 1821 3736 miser
1852 3671 1999 3754 egi?

354 3751 514 3826 Quid
546 3753 751 3817 volui?
776 3754 814 3784 ”
851 3754 1014 3818 dices
1045 3757 1145 3819 ubi
1175 3757 1311 3839 quis
1341 3753 1402 3820 te
1434 3759 1715 3836 laeserit3
1762 3768 1826 3821 ct
1854 3758 1971 3822 scis

351 3837 432 3902 In
460 3840 641 3904 breve
671 3847 733 3902 te
765 3841 900 3922 cogi
929 3861 1066 3905 cum
1093 3843 1306 3920 plenus
1335 3844 1585 3926 lmguet
1613 3852 1859 3909 amator.

2378 1882 2447 1931 40

2368 2305 2443 2358 45
