2742 4417
852 912 930 1005 q.
989 910 1365 979 HORATII
1420 909 1739 976 FLAOCI

398 1070 1121 1224 'EPISTOLA
1193 1134 1385 1222 AD
1457 1132 2137 1221 PISONES:
2205 1056 2212 1063 Φ

1231 1384 1355 1423 slva

672 1600 683 1613 ·
780 1588 885 1645 DE
924 1588 1135 1645 ARTE
1176 1578 1502 1645 Potich
1549 1587 1794 1644 LIBER.

1130 1810 1440 1859 -φ-

246 2023 541 2091 ΗΠΜΑΝΟ
572 2022 755 2109 capiti
783 2022 1080 2099 cervicem
1106 2023 1301 2108 pictor
1332 2020 1614 2108 equinam

242 2111 288 2175 J
288 2131 521 2194 ungere
550 2110 604 2175 si
631 2110 801 2188 velit,
830 2115 894 2173 et
924 2109 1121 2173 varias
1147 2108 1436 2173 inducere
1465 2111 1697 2195 plumas

243 2195 537 2281 Undique
566 2196 795 2259 collatis
822 2194 1137 2274 membris,
1155 2201 1227 2269 ut
1253 2195 1512 2279 turpiter
1539 2202 1736 2261 atrum

242 2280 504 2346 Desinat
529 2281 595 2344 in
624 2281 849 2365 piscem
876 2281 1092 2344 mulier
1118 2280 1378 2344 formosa
1411 2301 1690 2364 superne,

244 2366 603 2451 Spectatum
631 2365 871 2429 admissi
899 2365 1085 2429 risum
1112 2365 1392 2445 teneatis,
1421 2366 1647 2429 amici?

244 2451 517 2531 Credite,
546 2452 818 2530 PisoneS,
848 2450 946 2514 isti
974 2449 1214 2515 tabulae
1250 2452 1380 2514 fore
1414 2452 1633 2515 librum

242 2536 619 2601 Persimilem
668 2537 865 2621 cujuS,
895 2537 1059 2599 velut
1088 2535 1256 2619 aegri
1282 2536 1534 2615 somnia,
1561 2558 1754 2603 vanae

240 2622 581 2707 Fingentm·
608 2622 861 2707 species,
890 2627 960 2684 ut
986 2642 1101 2685 nec
1129 2642 1237 2704 pes
1264 2642 1382 2685 nec
1405 2629 1590 2706 caput
1617 2624 1722 2687 uni

241 2707 565 2772 Reddatur
589 2708 837 2771 formae.
928 2706 1266 2771 Pictoribus
1296 2714 1480 2791 atque
1509 2708 1704 2792 poetis

242 2793 551 2867 Quidlibet
578 2792 843 2856 audendi
870 2812 1107 2876 semper
1132 2792 1252 2855 fuit
1277 2813 1474 2875 aequa
1507 2792 1791 2876 potestas.

242 2878 482 2944 Scimus
535 2885 599 2942 et
626 2878 781 2941 hanc
811 2878 1048 2941 veniam
1076 2878 1453 2961 petimusque
1485 2878 1814 2964 damusque
1844 2878 2138 2960 vicissim3

244 2964 368 3029 Sed
396 2986 518 3027 non
546 2970 617 3028 ut
642 2962 893 3047 placidis
922 2964 1140 3027 coiiant
1165 2962 1438 3042 immitia,
1466 2985 1586 3027 non
1615 2970 1686 3051 ut

242 3049 573 3134 Serpentes
603 3049 815 3115 avibus
841 3048 1245 3130 geminentur,
1276 3048 1530 3131 tigribus
1560 3050 1721 3133 agni.

238 3135 509 3219 Inceptis
539 3134 823 3217 gravibus
851 3134 1204 3217 plerumque
1236 3142 1302 3196 et
1328 3154 1550 3217 magna
1575 3134 1857 3218 professis

238 3222 615 3305 Purpureus,
646 3221 770 3282 late
800 3218 905 3301 qui
934 3218 1271 3302 splendeat,
1300 3240 1458 3283 unus
1488 3226 1549 3283 et
1579 3220 1734 3283 alter

234 3306 529 3371 Assuitur
554 3324 811 3388 pannus,
840 3323 979 3367 cum
1005 3305 1177 3367 lucus
1208 3310 1272 3367 et
1300 3324 1408 3367 ara
1434 3304 1668 3369 Dianae

236 3391 325 3456 Et
351 3390 728 3475 properantis
758 3409 949 3472 aquae
978 3411 1089 3473 per
1116 3410 1393 3453 amoenos
1423 3389 1678 3455 ambitus
1707 3411 1906 3475 agros,

236 3477 373 3543 Aut
398 3477 621 3539 flumen
649 3475 930 3538 Rhenum
983 3481 1090 3538 aut
1116 3475 1353 3559 pluvius
1384 3476 1742 3541 describitur
1771 3497 1989 3542 arcus:

238 3561 368 3628 Sed
396 3582 559 3625 nunc
587 3581 709 3624 non
737 3565 870 3623 erat
898 3560 992 3623 his
1020 3562 1207 3624 locus.
1300 3560 1387 3624 Et
1411 3561 1664 3626 fortasse
1697 3584 2044 3647 cupressum

234 3648 373 3714 Scis
402 3647 723 3723 simulare;
768 3645 914 3729 quid
940 3645 1077 3725 hoc,
1107 3646 1159 3709 si
1186 3646 1396 3710 fractis
1427 3654 1634 3711 enatat
1663 3669 1875 3735 exspes

229 3733 511 3823 &avibus
564 3753 707 3797 aere
739 3731 879 3809 dato
908 3732 1012 3814 qui
1040 3732 1363 3816 pingitur?
1449 3732 1764 3865 Amphora
1791 3736 1988 3821 coepit
2049 3804 2056 3809 ,

227 3818 523 3886 Institui:
571 3823 851 3884 currente
882 3824 1017 3883 rota
1045 3838 1154 3881 cur
1182 3838 1402 3882 urceus
1434 3818 1560 3881 exit
1587 3866 1603 3881 .

2253 2818 2314 2867 10

2252 3244 2314 3292 15
