2742 4417
991 364 1466 431 Lis.1.1‹21›.18r
1513 386 2043 436 xv..
2207 376 2332 441 199

244 535 385 603 Non
412 540 553 604 istic
584 538 819 622 obliquo
850 538 1021 601 oculo
1049 560 1185 603 mea
1214 540 1523 605 commoda
1552 540 1870 625 quisquam

243 624 467 705 Limat,
494 648 615 689 non
638 626 771 688 odio
804 623 1055 687 obscuro
1084 647 1401 710 morsuque
1431 634 1729 706 venenat3

240 711 477 774 Rident
506 711 687 775 vicini
702 710 923 793 glebas
954 717 1017 772 et
1044 732 1191 773 saxa
1218 720 1578 775 moventem.

238 796 393 859 Cum
418 798 609 860 servis
638 797 869 859 urbana
899 796 1089 858 diaria
1118 797 1329 859 rodere
1361 799 1548 861 mavis
1579 810 1598 868 3
2261 824 2327 873 40

234 881 475 945 Horum
506 883 620 944 tu
605 905 668 944 ιιι
696 903 1007 944 numerum
1038 889 1175 945 voto
1204 884 1371 958 ruis3
1417 882 1646 946 invidet
1674 904 1851 947 usum

234 966 570 1049 Lignorum
600 975 665 1030 et
694 966 922 1053 pecqris
952 967 1058 1029 tibi
1090 968 1218 1034 calo
1254 975 1504 1051 argutus
1535 976 1598 1032 et
1625 969 1804 1032 horti.

240 1052 431 1135 Optat
460 1054 739 1139 ephippia
764 1036 895 1132 bds,
922 1053 1100 1137 piger
1125 1060 1295 1136 optat
1322 1074 1495 1117 arare
1528 1054 1826 1118 caballus·
1809 1102 1828 1132 ,

237 1136 435 1211 Quam
469 1140 585 1202 scit
613 1147 867 1267 uterque
911 1138 1103 1206 libens
1156 1134 1412 1203 censebo
1465 1147 1746 1205 exerceat
1774 1146 1988 1205 artem.

832 1566 1414 1635 EPISTOLA
1529 1570 1700 1660 xv.

234 1742 417 1815 QUAE
447 1739 528 1803 sit
554 1738 743 1803 hiems
773 1739 1011 1817 Veliae,
1042 1739 1201 1824 quod
1230 1740 1485 1841 caelum,
1513 1742 1696 1822 Vala,
1731 1740 1986 1822 Salerni,

233 1826 501 1899 Quorum
531 1825 833 1889 hominum
860 1826 1027 1908 regio
1058 1832 1121 1888 et
1148 1826 1359 1909 qualis
1370 1827 1490 1906 via,
1537 1829 1716 1909 (nam
1744 1829 1890 1893 mihi
1919 1828 2104 1897 Baias

230 1911 409 1975 Musa
439 1932 841 2010 supervacuas
871 1911 1194 1991 Antonius,
1226 1918 1288 1975 et
1317 1919 1521 1975 tamen
1547 1913 1662 1977 illis

229 1996 335 2061 Me
369 1997 561 2060 facit
546 1997 821 2079 invisum,
850 1996 1051 2079 gelida
1080 2018 1217 2059 cum
1246 1998 1487 2080 perluor
1515 1999 1678 2061 unda

226 2082 353 2147 Per
380 2082 651 2145 medium
672 2076 883 2165 frigus.
976 2080 1136 2145 Sane
1166 2090 1427 2145 murteta
1455 2083 1716 2167 relinqui
2267 2104 2303 2157 5

228 2170 529 2252 Dictaque
560 2178 893 2231 cessantem
920 2168 1121 2231 nervis
1150 2168 1373 2230 elidere
1404 2170 1676 2232 morbum

226 2254 537 2339 Sulphura
565 2252 867 2316 contemni
898 2253 1066 2316 vicus
1096 2253 1302 2337 gemit,
1333 2254 1574 2318 invidus
1605 2246 1824 2337 aegris,

223 2339 341 2413 Qui
375 2346 560 2421 caput
587 2346 652 2401 et
676 2339 1045 2401 stomachum
1074 2360 1408 2422 supponere
1439 2340 1698 2403 fontibus
1733 2338 1960 2403 audent

222 2425 485 2489 Clusinis
540 2422 879 2508 Gabiosque
911 2430 1124 2507 petunt
1157 2432 1221 2487 et
1246 2424 1468 2507 frigida
1495 2448 1657 2489 rura.

220 2510 557 2573 Mutandus
585 2511 751 2572 locus
778 2516 871 2573 est
908 2515 972 2571 et
1001 2507 1339 2573 deversoria
1366 2518 1511 2573 nota
2238 2530 2302 2579 10

220 2595 749 2677 Praeteragendus
778 2614 991 2678 equus.
1073 2592 1214 2668 Quo
1243 2595 1482 2658 tendis.
1463 2594 1488 2641 2
1560 2594 1624 2657 N
1625 2616 1702 2657 on
1730 2595 1876 2659 mihi
1907 2593 2128 2660 Cumas

216 2682 335 2745 Est
363 2683 483 2745 iter
512 2689 617 2743 aut
644 2680 848 2759 Baias,
876 2680 1050 2743 laeva
1077 2681 1480 2744 stomachosus
1509 2680 1744 2743 habena

215 2768 404 2831 Dicet
434 2786 657 2865 eques;
702 2765 808 2829 sed
832 2766 970 2849 equi
999 2766 1232 2829 frenato
1264 2774 1357 2829 est
1388 2766 1546 2829 auris
1574 2766 1638 2828 in
1667 2787 1790 2830 ore.
1794 2766 1832 2849 )

214 2853 421 2937 Major
447 2860 651 2914 utrum
681 2852 962 2939 populum
987 2850 1277 2914 frumenti
1307 2852 1475 2935 copia
1515 2858 1744 2934 pascat,
1811 2933 1814 2937 ι

166 3012 177 3021 ,
216 2940 596 3003 Colleetosne
628 2930 833 3003 bibant
860 2936 1079 2999 imbres
1109 2945 1396 3021 puteosne
1428 2958 1722 3021 perennes
2235 2960 2300 3009 15

212 3025 397 3107 Jugis
429 3041 655 3107 aquae3
738 3022 916 3105 (nam
946 3022 1085 3085 vina
1109 3022 1253 3085 nihil
1285 3044 1480 3085 moror
1517 3023 1673 3085 illius
1703 3036 1875 3087 orae·
1859 3063 1879 3096 ‚
2200 3039 2232 3053 ··

212 3111 386 3173 Rure
416 3131 549 3172 meo
578 3130 815 3193 possum
844 3107 1079 3191 quidvis
1108 3108 1376 3191 perferre
1409 3109 1671 3191 patique,
1833 3156 1876 3190 o
1979 3176 1982 3179 ,

210 3196 319 3260 Ad
352 3216 518 3258 mare
550 3215 686 3258 cum
710 3193 845 3256 veni
895 3214 1249 3275 generosum
1282 3203 1344 3256 et
1371 3194 1506 3255 lene
1538 3193 1801 3277 requir0,

212 3281 393 3354 Quod
422 3301 601 3343 curas
630 3280 853 3361 abigat,
875 3278 1036 3365 quod
1065 3299 1201 3341 cum
1230 3300 1336 3363 spe
1369 3278 1553 3341 divite
1582 3285 1785 3344 manet

209 3367 289 3429 In
319 3386 506 3429 venas
538 3366 915 3447 animumque
946 3386 1165 3443 meum,
1196 3364 1357 3447 quod
1388 3365 1572 3427 verba
1602 3364 1921 3443 ministret,
2229 3382 2295 3432 20

211 3451 393 3525 Quod
422 3472 517 3514 me
552 3449 881 3513 Lucanae
853 3467 1139 3533 juvenem
1170 3450 1544 3513 commendet
1573 3450 1864 3537 amicae.)

212 3538 472 3601 Tractus
502 3544 637 3599 uter
666 3536 865 3620 plures
894 3535 1150 3619 leporeS,
1174 3544 1310 3599 uter
1333 3536 1554 3599 educet
1582 3556 1780 3619 aproS,

210 3623 274 3687 U
279 3635 379 3685 tra
405 3622 595 3704 magis
626 3622 817 3704 pisces
849 3630 912 3684 et
940 3622 1180 3684 echinos
1212 3643 1474 3704 aequora
1504 3623 1722 3701 celent,

211 3709 463 3790 Pinguis
494 3714 563 3770 ut
590 3706 730 3769 inde
762 3708 1001 3772 domum
1028 3707 1245 3790 possim
1276 3708 1642 3791 Phaeaxque
1671 3706 1919 3789 reverti,

210 3794 494 3859 Scribere
524 3801 587 3856 te
616 3792 804 3871 nobis,
836 3794 941 3856 tibi
970 3814 1077 3856 nos
1110 3793 1430 3857 accredere
1461 3815 1571 3876 par
1606 3799 1717 3857 est.
2226 3810 2289 3859 2⁵

292 3878 598 3959 Maenius,
630 3884 699 3941 ut
726 3880 905 3943 rebus
934 3880 1219 3943 maternis
1252 3886 1434 3963 atque
1465 3880 1728 3963 paternis
