2742 4417
394 348 519 412 174
1243 359 1613 408 sArmARuM
1642 371 1651 382 ·

396 517 648 581 Cervius
678 516 828 579 haec
861 516 1017 578 inter
1047 515 1274 578 vicinus
1307 515 1496 598 garrit
1524 515 1711 577 aniles

395 601 489 667 Ex
521 625 586 665 re
617 603 884 665 fabellas.
979 601 1043 664 Si
1074 603 1205 684 quis
1235 623 1370 663 nam
1403 601 1612 663 laudat
1643 599 1839 668 Arelli

398 689 737 752 Sollicitas
723 709 968 770 ignarus
999 709 1162 770 opes,
1197 688 1280 749 sic
1314 687 1562 769 incipit:
1608 691 1647 722 “
1681 683 1841 747 Olim

393 775 678 838 Rusticus
707 775 1000 836 urbanum
1031 795 1261 835 murem
1289 793 1422 834 mus
1452 791 1715 854 paupere
1745 771 1938 833 fertur
1987 789 1993 794 ·

393 861 720 943 Accepisse
753 880 922 937 cavo,
955 866 1218 921 veterem
1251 866 1423 920 vetus
1454 859 1667 940 hospes
1698 857 1975 938 amicum,

392 945 597 1028 Asper
627 953 689 1007 et
719 952 986 1007 attentus
1017 944 1324 1043 quaesitis,
1354 951 1425 1005 ut
1456 951 1657 1004 tamen
1690 950 1888 1004 artum

399 1030 673 1092 Solveret
701 1031 968 1113 hospitiis
1000 1031 1280 1092 animum.
1373 1028 1530 1100 Quid
1562 1026 1800 1089 multa?
1845 1048 2042 1111 neque
2072 1027 2171 1091 ille

398 1113 478 1178 Se
484 1117 654 1198 positi
684 1117 894 1178 ciceris
923 1136 1035 1178 nec
1067 1116 1279 1213 longae
1310 1113 1525 1176 invidit
1554 1133 1804 1190 avenae,

393 1200 653 1264 Aridum
685 1210 774 1263 et
776 1222 877 1264 ore
910 1201 1108 1263 ferens
1137 1201 1375 1262 acinum
1406 1211 1754 1281 semesaque
1786 1197 1939 1260 lardi

392 1285 616 1349 Frusta
645 1286 834 1365 dedit,
865 1287 1112 1385 cupiens
1141 1286 1308 1348 varia
1331 1285 1574 1347 fastidia
1606 1305 1793 1346 coena

392 1370 660 1435 Vincere
691 1373 991 1455 tangentis
1017 1373 1172 1434 male
1203 1372 1437 1454 singula
1466 1371 1645 1433 dente
1676 1369 1976 1452 superbo·
1959 1415 1978 1445 ,

397 1457 549 1520 Cum
581 1465 754 1542 pater
781 1459 907 1541 ipse
938 1457 1146 1520 domus
1175 1457 1350 1539 palea
1378 1463 1707 1538 porrectus
1718 1455 1779 1516 in
1810 1455 1999 1518 horna

394 1540 576 1606 Esset
605 1543 751 1606 ador
778 1543 1122 1626 loliumque,
1153 1543 1323 1624 dapis
1351 1542 1597 1604 meliora
1623 1540 1986 1623 relinquens.

395 1628 663 1692 Tandem
692 1627 955 1692 urbanus
986 1628 1062 1690 ad
1092 1629 1284 1691 hunc:
1317 1631 1336 1664 ‘
1360 1623 1539 1699 Quid
1554 1635 1616 1688 te
1636 1625 1857 1708 juvat‚'
1882 1624 2101 1709 inquit,
2121 1629 2139 1663 ‘
2160 1622 2373 1703 amice,
2402 1645 2473 1696 9ο

394 1713 718 1797 Praerupti
746 1715 1004 1777 nemoris
1033 1715 1358 1797 patientem
1387 1714 1485 1774 vix
1486 1734 1589 1775 ere
1620 1712 1847 1774 dorso?

395 1800 510 1863 Vis
542 1809 607 1863 tu
637 1801 902 1864 homines
931 1801 1260 1882 urbemque
1289 1799 1435 1861 feris
1464 1817 1831 1882 praeponere
1862 1795 2073 1859 silvis,
2050 1795 2097 1854 ⁴².

399 1885 594 1968 Carpe
627 1886 809 1984 viam,
835 1886 978 1948 mihi
1009 1885 1212 1963 crede,
1244 1905 1475 1963 comcs3
1496 1883 1807 1946 terrestria
1837 1882 2075 1965 quando

395 1969 686 2034 Mortales
717 1972 942 2034 animas
971 1971 1181 2033 vivunt
1209 1971 1443 2047 sortita,
1472 1981 1668 2053 nequ'e
1698 1969 1821 2030 ulla
1850 1980 1943 2031 est

395 2056 529 2118 Aut
557 2077 774 2138 magno
803 2064 909 2118 aut
937 2076 1121 2139 parvo
1149 2056 1255 2122 leti
1285 2055 1467 2138 fuga:
1516 2076 1656 2137 quo,
1686 2055 1861 2130 bone,
1891 2053 2074 2132 circa,

392 2140 559 2204 Dum
589 2141 730 2204 licet
780 2142 842 2203 in
874 2142 1050 2204 rebus
1069 2109 1395 2224 jucundi?
1386 2141 1517 2203 vive
1549 2141 1800 2204 beatus‘
1785 2187 1801 2216 ‚

397 2226 556 2289 Vive
589 2249 813 2290 memor
866 2249 1042 2310 quam
1074 2227 1154 2290 sis
1183 2227 1316 2289 aevi
1347 2226 1595 2290 brevis!
1656 2225 1831 2290 Haec
1860 2222 1963 2287 ubi
1994 2222 2157 2287 dicta

394 2314 722 2396 Agrestem
753 2314 1036 2411 pepulere
1094 2312 1266 2375 domo
1295 2313 1443 2374 levis
1473 2312 1711 2388 exsilit3
1756 2310 1895 2374 inde

394 2398 594 2462 Ambo
622 2399 982 2482 propositum
1012 2405 1309 2484 peragunt
1336 2399 1475 2474 iter,
1504 2398 1669 2460 urbis
1698 2404 1945 2459 aventes

394 2483 640 2547 Moenia
667 2485 942 2547 nocturni
971 2479 1317 2565 subrepere.
1405 2482 1665 2566 Jamque
1700 2482 1945 2545 tenebat

394 2569 536 2633 Nox
566 2571 825 2633 medium
859 2570 1011 2633 caeli
1039 2569 1295 2651 spatium
1350 2589 1503 2630 cum
1519 2569 1683 2652 ponit
1713 2575 1966 2651 uterque

394 2655 472 2718 In
501 2656 796 2738 locuplete
827 2655 1001 2717 domo
1031 2655 1306 2736 vestigia,
1338 2654 1518 2715 rubro
1547 2654 1649 2716 ubi
1680 2673 1859 2716 cocco

393 2741 610 2803 Tincta
637 2762 818 2823 super
847 2741 1033 2802 lectos
1063 2740 1352 2802 canderet
1382 2739 1563 2802 vestis
1592 2739 1870 2816 eburnOS‚

394 2825 711 2908 Multaque
746 2825 820 2887 dc
849 2845 1070 2907 magna
1099 2834 1481 2923 superessent
1508 2825 1738 2896 fercula
1767 2843 1976 2901 coena,

396 2910 566 2982 Quae
599 2911 805 2993 procul
835 2910 1152 2973 exstructis
1184 2911 1422 2972 inerant
1452 2911 1733 2972 hesterna
1763 2907 2057 2971 canistris.

397 2995 564 3078 Ergo
595 2997 694 3058 ubi
725 3015 1029 3079 purpurea
1057 3004 1396 3078 porrectum
1425 2995 1487 3057 in
1518 3003 1684 3058 veste
1714 2994 1935 3066 locavit

396 3085 746 3164 Agrestem,
777 3081 961 3143 veluti
989 3081 1328 3144 succinctus
1388 3070 1639 3144 cursitat
1667 3081 1883 3163 hospes

309 3161 318 3170 ’
397 3167 837 3250 Continuatque
869 3166 1054 3250 dapes
1106 3187 1218 3228 nec
1249 3187 1365 3228 non
1396 3167 1703 3229 verniliter
1731 3165 1872 3248 ipsis

398 3253 698 3335 Fungitur
725 3252 950 3329 officiis,
985 3252 1398 3334 praelambens
1429 3256 1599 3314 om'ne
1632 3251 1789 3334 quod
1821 3250 2012 3312 affert.

399 3337 512 3402 Ille
543 3339 766 3400 cubans
797 3337 1022 3420 gaudet
1051 3344 1281 3398 mutata
1309 3344 1469 3399 sorte
1499 3337 1785 3419 bonisque

395 3422 600 3486 Rebus
631 3425 758 3505 agit
786 3424 1009 3504 laetum
1042 3423 1369 3500 convivam,
1402 3443 1538 3484 cum
1568 3423 1761 3484 subito
1791 3421 2005 3503 ingens

394 3508 726 3571 Valvarum
756 3498 1040 3592 strepitus
1069 3508 1238 3570 lectis
1272 3509 1535 3571 excussit
1545 3515 1903 3590 utrumque.

399 3593 658 3656 Currere
692 3615 798 3676 per
828 3602 1016 3656 totum
1048 3593 1247 3676 pavidi
1279 3594 1584 3670 conclave,
1613 3594 1922 3676 magisque

397 3679 721 3741 Exanimes
754 3677 1074 3761 trepidare,
1105 3679 1279 3741 simul
1311 3678 1519 3741 domus
1555 3681 1675 3741 alta
1705 3677 1981 3740 Molossis

396 3764 711 3826 Per-sonuit
743 3764 1008 3827 canibus.
1099 3764 1252 3826 Tum
1282 3765 1574 3827 rusticus:
1624 3769 1642 3800 ‘
1673 3760 1862 3826 Haud
1893 3757 2035 3822 mihi
2068 3758 2196 3823 vita

396 3849 512 3912 Est
539 3871 684 3932 opus
714 3850 866 3928 hac,’
909 3852 1013 3930 ait,
1045 3855 1062 3888 ‘
1090 3858 1153 3914 et
1185 3851 1428 3924 v;aleas
1460 3873 1555 3914 me
1588 3853 1740 3914 silva
1770 3869 2077 3930 cavusque

396 3935 588 3998 Tutus
619 3936 694 3998 ab
723 3934 951 3997 insidiis
983 3899 1149 3996 t'enui
1178 3936 1465 3998 solabitur
1493 3939 1679 4003 ervo-⁹
1708 3939 1749 3972 ’'

2380 2500 2472 2550 100

2384 2925 2472 2974 105

2383 3349 2475 3398 lle

2383 3777 2475 3826 115
