2742 4417
978 341 1109 387 ΠΒ.
1156 340 1233 387 11.
1285 338 1424 386 sAm.
1468 340 1572 387 111.
2123 366 2130 371 -
2192 326 2316 391 161

224 494 523 579 Undique
556 494 795 559 dicatur
822 494 1053 560 merito.
1146 493 1265 577 Qui
1296 495 1598 578 discrepat
1626 494 1758 564 istis

225 581 353 655 Qui
382 603 653 644 nummos
685 602 1016 663 aurumque
1047 581 1341 659 recondit,
1363 582 1602 643 nescius
1631 582 1722 643 uti
1955 628 1964 635 .

226 668 591 750 Compositis
619 674 1015 749 metuensque
1046 668 1213 728 velut
1244 667 1589 749 contingere
1621 665 1907 729 sacrum?
1951 692 1960 703 ·
2226 688 2316 737 no

228 753 298 815 Si
330 754 465 836 quis
496 753 573 815 ad
601 754 911 834 ingentem
938 752 1225 814 frumenti
1255 774 1492 835 semper
1521 772 1804 815 acervum

222 839 558 902 Porrectus
587 838 796 921 vigilet
825 860 963 900 cum
990 839 1169 919 longo
1196 837 1382 913 fuste,
1414 860 1611 921 neque
1641 837 1803 901 illinc

222 924 483 987 Audeat
514 926 782 987 esuriens
814 923 1085 986 dominus
1116 924 1463 1005 contingere
1495 945 1774 1005 granum,

220 1011 327 1072 Ac
360 1010 558 1093 potius
586 1010 741 1073 foliis
770 1030 989 1092 parcus
1020 1016 1300 1071 vescatur
1330 1010 1584 1086 amaris;

228 1095 299 1159 Si
335 1095 544 1177 positis
571 1095 734 1158 intus
766 1094 902 1157 Chii
930 1095 1272 1177 'veterisque
1302 1094 1544 1161 Falerni
1939 1166 1948 1173 ,
2221 1112 2312 1163 115

224 1182 402 1243 Mille
437 1180 602 1243 cadis
623 1217 712 1227 —
733 1181 880 1243 nihil
911 1188 1024 1259 est,
1056 1187 1393 1243 tercentum
1422 1180 1700 1259 millibus,
1731 1200 1871 1243 acre

226 1267 415 1329 Potet
444 1273 683 1329 acetum
708 1287 725 1343 ;
772 1287 910 1348 age,
942 1266 993 1328 si
1024 1273 1087 1328 et
1116 1266 1458 1329 stramentis
1486 1266 1746 1348 incubet,
1757 1265 1939 1329 unde-

230 1351 563 1435 Octoginta
592 1373 777 1414 annos
806 1358 1007 1429 natus,
1038 1353 1137 1413 cui
1167 1352 1436 1434 stragula
1464 1352 1667 1429 vestiS,

226 1438 577 1500 Blattarum
606 1458 677 1500 ac
705 1438 1003 1505 tinearum
1033 1438 1269 1521 epulae,
1300 1444 1610 1521 putrescat
1637 1438 1698 1498 in
1729 1456 1870 1499 arca
1895 1456 1914 1513 3

226 1524 537 1585 Nimirum
563 1524 807 1586 insanus
836 1523 1043 1606 paucis
1072 1523 1369 1601 videatur,
1402 1544 1473 1585 eo
1509 1522 1668 1605 quod
2219 1540 2314 1588 120

226 1608 503 1672 Maxima-
531 1616 669 1691 pars
697 1610 999 1672 hominum
1029 1609 1233 1671 morbo
1251 1610 1522 1695 jactatur
1564 1607 1795 1670 eodem.

226 1696 423 1758 Filius
454 1703 561 1757 aut
589 1695 770 1757 etiam
799 1696 949 1757 haec
985 1694 1235 1757 libert'us
1264 1701 1335 1756 ut
1364 1694 1566 1756 ebibat
1593 1694 1792 1767 hereS‚

227 1781 344 1843 Dis
371 1780 610 1843 inimice
641 1802 847 1859 senex,
880 1780 1143 1843 custodis
1168 1778 1195 1841 ἲ
1217 1815 1299 1827 -
1322 1779 1423 1842 Ne
1455 1780 1562 1841 tibi
1591 1777 1796 1841 desit?

230 1866 605 1939 Quantulum
637 1866 795 1929 enim
824 1887 1089 1929 summae
1115 1865 1376 1929 curtabit
1405 1865 1656 1948 quisque
1689 1864 1942 1943 dierum,

205 1952 485 2035 -Ungere
515 1951 566 2015 si
597 1953 798 2015 caules
828 1953 957 2015 oleo
983 1952 1225 2014 meliore
1257 1958 1556 2034 caputque
2217 1967 2314 2019 155

233 2037 522 2121 Coeperis
549 2038 789 2121 impexa
815 2037 1057 2100 foedum
1086 2037 1386 2120 porrigine
1413 2034 1440 2098 ἲ
1530 2034 1755 2115 Quare,

234 2123 302 2187 Si
333 2123 571 2206 quidvis
606 2124 751 2186 satis
782 2129 896 2203 est,
926 2124 1220 2207 perjurae„
1254 2122 1524 2206 surripis,
1555 2122 1756 2184 aufers

234 2208 524 2292 Undique
550 2208 577 2271 ‘3
664 2208 799 2271 Tun
851 2203 1077 2272 sanus?
1167 2207 1463 2292 Populum
1491 2208 1543 2270 si
1572 2207 1826 2270 caedere
1855 2224 2014 2297 sagus

232 2295 499 2378 Incipias
552 2316 829 2358 servosve
860 2301 1015 2374 tuost,
1046 2314 1195 2377 quos
1224 2314 1363 2363 aere
1395 2294 1648 2377 parariS,
1947 2304 1953 2311 ’

235 2381 613 2443 Insanumte
644 2401 862 2443 omnes¹
876 2380 1049 2463 pueri
1078 2381 1456 2462 clamentque
1487 2380 1758 2463 puellae:
2217 2395 2312 2445 130

234 2465 395 2529 Cum
441 2468 659 2549 laqueo
702 2486 951 2529 uxorem
983 2465 1283 2527 interimis·
1306 2472 1675 2547 matremque
1715 2483 1968 2540 veneno,
2163 2514 2172 2521 .

229 2552 528 2615 Incolumi
551 2552 747 2635 capite
778 2550 891 2614 es?
918 2620 931 2631 ,
960 2550 1119 2625 Quid
1151 2552 1333 2632 enim,
1361 2570 1563 2632 neque
1596 2555 1664 2610 tu
1693 2549 1806 2611 hoc
1837 2548 1988 2613 facis
2016 2546 2229 2633 Argis,

228 2637 371 2700 Nec
403 2637 564 2700 ferro
591 2644 663 2699 ut
690 2636 937 2700 demens
966 2638 1319 2719 genitricem
1348 2636 1577 2711 occidis
1616 2634 1885 2697 Orestes.

229 2724 341 2787 An
368 2729 438 2785 tu
467 2723 615 2786 reris
645 2743 784 2785 eum
812 2724 1009 2785 occisa
1036 2723 1324 2785 insanisse
1356 2728 1629 2805 parente,
2056 2792 2060 2797 ,

230 2808 334 2871 Ac
362 2829 484 2871 non
508 2815 645 2871 ante
677 2808 846 2871 malis
877 2808 1214 2871 dementem
1243 2814 1444 2870 actum
1473 2806 1672 2869 Furiis
1725 2825 1906 2889 quam
2219 2815 2318 2871 135'

231 2895 311 2956 In
342 2894 551 2957 matris
570 2894 785 2979 jug'ulo
813 2894 1041 2956 ferrum
1073 2894 1358 2977 tepefecit
1389 2898 1630 2955 acutum
1657 2891 1684 2954 2?

233 2979 399 3053 Quin
455 3002 529 3042 ex
558 3000 676 3063 quo
707 2986 799 3042 est
826 2974 1064 3042 habitus
1094 2981 1247 3041 male
1282 2985 1448 3041 tutae
1477 2978 1694 3040 mentis
1725 2974 1973 3039 Orestes

231 3066 349 3129 Nil
376 3086 520 3127 sane
550 3066 695 3128 fecit
724 3065 883 3149 quod
914 3073 980 3128 tu
1009 3064 1450 3148 reprehendere
1491 3064 1714 3146 possis:

230 3152 382 3213 Non
413 3151 689 3235 Pyladen
718 3152 877 3213 ferro
906 3152 1129 3221 violare
1166 3170 1421 3213 aususve
1452 3170 1716 3212 sororem

232 3234 569 3314 Electram,
594 3226 830 3300 tantiim
857 3236 1164 3299 maledicit
1190 3236 1433 3317 utrique
1463 3234 1734 3297 vocando
2221 3248 2314 3297 140

231 3324 419 3385 Hanc
449 3323 713 3399 Furiam,
744 3323 901 3385 hunc
932 3322 1097 3386 aliud
1137 3322 1321 3405 jussit
1350 3320 1510 3403 quod
1541 3316 1856 3403 splendida
1879 3315 2036 3379 bilis.

232 3410 483 3490 Pauper
514 3407 784 3492 Opimius
815 3407 1051 3490 argenti
1080 3408 1254 3491 positi
1281 3407 1443 3469 intus
1474 3412 1536 3468 et
1567 3405 1719 3483 auri,

234 3494 362 3566 Qui
388 3492 794 3557 Veientanum
823 3494 992 3556 festis
1022 3500 1227 3575 potare
1260 3492 1469 3555 diebus

235 3580 551 3662 Campana
578 3581 785 3642 solitus
816 3580 995 3641 trulla
1027 3599 1400 3661 vappamque
1432 3576 1732 3661 profestis,

232 3664 555 3739 Quondam
584 3666 859 3746 lethargo
889 3664 1104 3747 grandi
1135 3672 1227 3726 est
1256 3683 1596 3746 oppressuS,
1627 3670 1696 3725 ut
1722 3662 1900 3724 heres
2223 3682 2311 3731 145·

226 3752 273 3815 J
274 3772 380 3814 am
412 3751 633 3813 circum
664 3750 889 3813 loculos
920 3758 982 3812 et
1012 3751 1211 3813 claves
1240 3750 1436 3811 laetus
1467 3769 1768 3831 ovansque

226 3836 550 3901 Curreret.
616 3837 624 3845 ·
643 3836 824 3913 Hunc
840 3836 1123 3983 ffiedicus
1152 3836 1405 3899 multum
1436 3835 1599 3905 celer
1629 3844 1816 3927 atque
1847 3832 2041 3901 fidelis
