2742 4417
399 389 486 451 60

1265 405 1613 451 CARMINUM

740 558 948 623 Motus
979 558 1179 621 doceri
1211 560 1440 641 gaudet
1468 556 1705 620 Ionicos

741 644 988 709 Matura
1021 640 1188 727 virgo
1243 654 1306 707 et
1333 644 1581 726 fingitur
1612 642 1879 723 artibus;

823 730 867 794 J
872 752 967 793 am
997 752 1156 793 nunc
1187 738 1251 793 et
1279 730 1538 792 incestos
1569 750 1813 791 amores·

879 814 1011 909 ‘De
1043 824 1250 879 tenero
1281 815 1609 877 meditatur
1636 814 1868 897 ungui:

743 900 890 965 Mox
910 901 1178 985 juniores
1208 900 1447 983 quaerit
1476 900 1781 963 adulteros

740 986 912 1050 Inter
940 987 1137 1049 mariti
1168 987 1328 1064 vina,
1357 1006 1556 1068 neque
1587 984 1757 1067 eligit

831 1070 945 1135 Cui
974 1072 1158 1134 donet
1184 1071 1556 1154 impermissa
1586 1072 1805 1153 raptim

917 1156 1158 1223 Gaudia
1208 1157 1528 1219 luminibus
1558 1156 1841 1231 remotis;

747 1237 872 1305 Sed
891 1241 1064 1325 jussa
1093 1262 1292 1305 eoram
1323 1262 1443 1305 non
1472 1242 1599 1304 sine
1630 1240 1866 1304 conscio

748 1324 959 1409 Surgit
987 1327 1222 1404 marito,
1252 1348 1360 1389 seu
1392 1337 1567 1389 vocat
1594 1326 1831 1389 institor

833 1410 958 1477 Seu
987 1413 1156 1475 navis
1189 1412 1497 1495 Hispanae
1526 1413 1834 1495 magister,

917 1497 1297 1561 Dedecorum
1329 1498 1625 1581 pretiosus
1654 1505 1909 1581 emptor.

699 1653 702 1656 ,
745 1582 888 1646 Non
915 1584 1008 1647 his
1027 1586 1316 1669 juventus
1346 1596 1479 1647 orta
1507 1583 1855 1666 parentibus

745 1668 969 1755 Infecit
997 1691 1222 1753 aequor
1251 1669 1540 1751 sanguine
1574 1668 1824 1744 Puni00‚

765 1790 774 1801 ·
831 1755 1252 1837 Pyrrhumque
1286 1764 1350 1817 et
1378 1755 1681 1834 ingentem
1713 1748 1931 1813 cecidit

691 1906 696 1913 ,
911 1840 1278 1902 Antiochum
1331 1836 1852 1919 Hannibalemque
1884 1835 2079 1914 dirum
2099 1850 2119 1913 ς

751 1921 876 1986 Sed
905 1926 1262 1986 rusticorum
1291 1922 1559 1984 mascula
1586 1922 1840 1985 militum

667 2096 672 2099 Ι
743 2007 977 2087 ProleS,
1013 2008 1263 2071 Sabellis
1295 2008 1475 2070 docta
1503 2007 1797 2090 ligonibus

834 2093 1100 2157 Versare
1132 2094 1337 2176 glebas
1393 2099 1455 2155 et
1484 2113 1731 2156 severae

919 2178 1136 2241 Matris
1167 2180 1244 2241 ad
1275 2178 1582 2241 arbitrium
1615 2178 1835 2241 recisos

747 2266 1001 2330 Portare
1031 2266 1244 2340 fuste8‚
1269 2264 1354 2327 sol
1386 2264 1486 2325 ubi
1512 2264 1804 2326 montium

748 2352 1023 2416 Mutaret
1051 2351 1290 2413 umbras
1320 2357 1385 2413 et
1403 2351 1557 2433 juga
1585 2350 1855 2412 demeret
1922 2418 1926 2423 ,

833 2437 1036 2501 Bobus
1067 2437 1356 2519 fatigatiS‚
1388 2436 1643 2498 amicum

913 2522 1180 2607 ,Tempus
1209 2543 1397 2605 agens
1426 2522 1682 2583 abeunte
1714 2540 1922 2584 curru.

747 2608 1054 2673 Damnosa
1081 2608 1227 2691 quid
1255 2630 1377 2670 non
1405 2606 1700 2670 imminuit
1728 2604 1905 2669 dies?

747 2693 944 2757 Aetas
974 2702 1290 2776 parentum
1343 2693 1513 2776 pejor
1542 2691 1668 2753 avis
1720 2690 1861 2753 tulit

833 2779 963 2843 Nos
991 2779 1329 2859 nequiores,
1359 2798 1493 2838 mox
1526 2775 1772 2838 daturos

915 2862 1275 2945 Progeniem
1306 2860 1688 2924 vitiosiorem.

1077 3281 1543 3349 GARMEN
1599 3280 1821 3347 vn.
1922 3255 1928 3261 ’

755 3623 926 3698 QUID
953 3624 1085 3703 fles,
1115 3621 1383 3704 Asterie,
1414 3645 1595 3708 quem
1624 3622 1730 3686 tibi
1762 3620 2005 3686 candidi

755 3709 958 3775 Primo
991 3711 1312 3793 restituent
1343 3732 1485 3773 vere
1516 3708 1769 3773 Favonii

843 3796 935 3861 'rh
1023 3816 1060 3857 a
1091 3816 1290 3859 meroe
1318 3796 1584 3873 beatum,

925 3817 1267 3944 {nauseantis
1287 3880 1574 3963 juvenem
1602 3876 1746 3957 fide,

2418 2194 2489 2245 10
