2742 4417
1140 319 1475 370 cmlx.

619 473 746 542 Sed
773 475 988 539 incitat
1012 496 1110 539 me
1140 482 1354 560 pectus
1406 482 1471 540 et
1497 497 1803 540 mammae·
1820 483 2053 562 putres,

701 562 941 645 Equina
972 563 1179 644 quales
1208 562 1421 641 ubera,

616 646 972 733 Venterque
1002 648 1194 710 mollis
1247 655 1310 710 et
1339 648 1537 711 femur
1566 649 1931 714 tumentibus

702 733 876 796 Exile
909 733 1064 796 suris
1095 733 1382 796 additum.

612 816 762 882 Esto
791 819 994 896 beata,
1021 818 1203 880 funus
1234 825 1417 902 atque
1448 818 1737 901 imagines

705 901 951 966 Ducant
979 903 1368 986 triumphales
1398 911 1593 980 tuum,

617 988 754 1052 Nec
785 989 864 1052 sit
891 989 1129 1069 marita,
1163 1010 1320 1072 quae
1350 989 1797 1054 rotundioribus

701 1073 938 1138 Onusta
965 1075 1166 1137 baccis
1196 1075 1482 1136 ambulet.

617 1159 800 1238 Quid,
829 1161 990 1243 quod
1017 1159 1202 1222 libelli
1235 1158 1423 1222 Stoici
1450 1160 1611 1222 inter
1639 1160 1863 1224 sericos

696 1245 741 1308 J
744 1265 919 1308 acere
951 1246 1224 1329 pulvillos
1253 1252 1458 1308 amant
1484 1268 1499 1308 τ

613 1330 895 1395 Illiterati
923 1353 1068 1394 num
1095 1332 1289 1393 minus
1317 1329 1489 1393 nervi
1518 1329 1747 1412 rigent,
1778 1383 1783 1388 .

695 1415 975 1480 Minusve
1005 1418 1255 1498 languet
1279 1414 1622 1479 fascinum?

618 1499 791 1576 Quod
820 1509 892 1564 ut
920 1503 1178 1584 superbo
1206 1521 1493 1584 provoces
1525 1501 1601 1563 ab
1630 1501 1899 1584 inguine,

699 1585 822 1651 Ore
855 1585 1304 1651 allaborandum
1334 1593 1429 1650 est
1458 1585 1587 1660 tibi.

973 2009 1432 2076 GARMEN
1486 2011 1645 2076 IX.

528 2354 801 2429 QUANDO
831 2359 1134 2436 repostum
1165 2350 1511 2415 Caecubum
1535 2353 1612 2416 ad
1641 2354 1827 2418 festas
1858 2352 2044 2438 dapes

611 2439 860 2503 Victore
891 2439 1086 2500 laetus
1117 2436 1379 2501 Caesare

527 2525 753 2589 Tecum
783 2523 894 2587 sub
925 2524 1150 2586 alta—
1168 2522 1253 2586 sic
1283 2523 1324 2585 J
1330 2521 1429 2585 ovi
1458 2529 1702 2607 gratum
1724 2560 1814 2572 —
1833 2523 2033 2604 domo,

608 2610 802 2672 Beate
832 2609 1182 2686 Maecenas,
1212 2608 1413 2671 bibam

527 2694 790 2759 Sonante
809 2695 1057 2756 mixtum
1089 2694 1246 2756 tibiis
1275 2715 1517 2758 carmen
1545 2693 1703 2774 lyra,

608 2781 746 2842 Hac
777 2779 1051 2857 Dorium,
1079 2780 1195 2842 illis
1223 2780 1546 2842 barbarum
1572 2779 1597 2840 ἲ

525 2865 618 2930 Ut
646 2887 859 2948 nuper,
889 2874 1061 2927 actus
1115 2885 1252 2928 cum
1303 2865 1461 2928 freto
1490 2864 1837 2949 Neptunius

610 2949 752 3014 Dux
781 2950 937 3030 fugit
988 2950 1137 3014 ustis
1165 2949 1439 3029 navibuS,

527 3035 796 3100 Minatus
824 3034 982 3099 Urbi
1013 3035 1228 3114 vincla,
1260 3056 1415 3117 quae
1446 3035 1791 3100 detraxerat

618 3121 821 3185 Servis
852 3120 1076 3184 amicus
1106 3121 1369 3204 perfidis.

525 3207 858 3284 Romanus,
873 3232 957 3254 -’--
977 3205 1158 3284 eheu,
1189 3205 1414 3289 posteri
1442 3205 1743 3289 negabitis
1758 3239 1849 3252 -—

597 3291 1026 3374 Emancipatus
1054 3291 1310 3354 feminae

523 3377 676 3442 Fert
703 3378 924 3440 vallum
955 3384 1018 3440 et
1047 3398 1214 3439 arma
1239 3377 1433 3455 miles,
1466 3383 1530 3440 et
1558 3377 1921 3460 spadonibus

616 3459 856 3525 Servire
889 3462 1124 3544 rugosis
1152 3470 1372 3545 potest,

524 3547 815 3630 Interque
844 3549 1017 3628 signa
1046 3555 1222 3630 turpe
1262 3547 1545 3610 militaria

624 3631 726 3695 Sol
756 3633 1011 3716 adspicit
1039 3634 1371 3716 conopium.

526 3717 619 3784 At
645 3717 757 3780 huc
787 3719 1111 3781 frementes
1143 3725 1457 3781 verterunt
1484 3719 1575 3782 bis
1604 3720 1767 3782 mille
1796 3739 1983 3804 equos

612 3801 793 3884 Gra-lli,
823 3812 1109 3952 caqzntes
1141 3804 1492 3883 Caesarem,

2220 312 2359 378 11³

2298 753 2359 802 10

2289 3145 2345 3194 1.)

2196 3571 2347 3628 ,15
