2742 4417
1310 348 1659 396 CARMINUM

781 500 1070 586 Tarquini
1099 502 1293 565 fasces
1347 503 1576 581 dubi-to,
1608 524 1687 566 an
1720 502 1963 567 Catonis

1129 588 1348 651 Nobile
1380 590 1588 651 letum.

785 673 1090 756 Regulum
1144 680 1207 737 et
1239 672 1501 737 Scauros
1554 675 1907 759 animaeque
1938 697 2193 759 magnae

787 752 1116 842 Prodigum
1150 760 1431 823 Paullum
1462 770 1783 843 superante
1813 761 2017 825 Poeno

789 844 1018 909 Gratus
1047 846 1265 927 insigni
1300 846 1559 908 referam
1592 845 1860 910 Camena

1133 931 1616 1013 Fabriciumque.
1634 966 1645 981 ·

787 1016 973 1079 Hunc
1028 1023 1092 1079 et
1118 1017 1434 1099 incomptis
1470 1014 1722 1079 Curium
1752 1015 1986 1101 capillis

786 1100 1018 1165 Utilem
1048 1101 1202 1165 bello
1233 1104 1370 1165 tulit
1420 1110 1485 1166 et
1518 1101 1833 1165 Camillum

796 1185 994 1251 Saeva
1021 1196 1346 1271 paupertas
1376 1195 1440 1251 et
1468 1188 1663 1251 avitus
1693 1196 1835 1273 apto

1051 1288 1070 1301 ⁰
1134 1272 1287 1336 Cum
1316 1275 1445 1336 lare
1474 1274 1715 1337 fundus.

787 1356 1022 1422 Crescit
1067 1359 1300 1422 occulto
1330 1360 1495 1421 velut
1524 1360 1701 1422 arbor
1732 1380 1903 1438 aevo,

785 1443 978 1508 Fama
1005 1445 1283 1509 Marcelli
1310 1466 1326 1519 ;
1373 1446 1557 1508 micat
1587 1446 1743 1507 inter
1772 1467 1976 1511 omnes

786 1530 829 1593 J
835 1532 1019 1593 ulium
1049 1531 1214 1594 sidus
1268 1534 1435 1593 velut
1465 1532 1623 1593 inter
1650 1532 1823 1614 ignes

1135 1617 1308 1679 Luna
1337 1618 1615 1680 minores·

794 1698 1010 1764 Gentis
1037 1702 1336 1766 humanae
1370 1709 1544 1785 pater
1572 1709 1755 1785 atque
1786 1707 1987 1767 custos

796 1785 945 1850 Orte
981 1786 1262 1865 SaturnO,
1293 1790 1400 1849 tibi
1430 1809 1579 1851 cura
1609 1788 1810 1869 magni

791 1871 1070 1935 Caesaris
1099 1874 1240 1937 fatis
1270 1872 1457 1935 data:
1506 1882 1581 1935 tu·
1600 1872 1865 1937 secundo

1137 1957 1398 2021 Caesare
1430 1979 1668 2041 regnes.

789 2042 928 2120 Ille,
960 2064 1068 2106 seu
1096 2043 1354 2107 Parthos
1386 2043 1559 2107 Lat-io
1588 2043 1965 2107 imminentes
2002 2060 2013 2069 ·

789 2126 1004 2211 Egerit
1023 2129 1188 2212 justo
1222 2130 1475 2192 domitos
1506 2130 1803 2212 triumpho

795 2211 937 2277 Sive
967 2216 1266 2299 subjectos
1298 2214 1564 2282 Orientis
1592 2236 1734 2279 orae

1142 2298 1323 2363 Seras
1353 2310 1419 2363 et
1448 2300 1652 2377 IndoS‚

791 2383 879 2447 Te
909 2383 1100 2447 minor
1128 2386 1316 2448 latum
1344 2393 1523 2470 reget
1552 2406 1781 2468 aequus
1810 2385 2016 2449 orbem
2039 2404 2061 2465 3

793 2469 886 2533 Tu
918 2472 1088 2552 gravi
1117 2492 1300 2535 curru
1332 2473 1571 2555 quaties
1603 2470 1951 2555 Olympum,

793 2554 888 2620 Tu
917 2577 1128 2641 parum
1153 2557 1332 2621 castis
1362 2558 1602 2620 inimica
1632 2558 1832 2623 mittes

1133 2643 1414 2733 Fulmina
1442 2644 1621 2729 lucis..

1646 2859 1663 2917 κ
1840 2832 1943 2907 ‘f‘

1737 2923 1748 2931 ··
1858 2908 1873 2952 s

1015 3047 1026 3056 '
1095 3063 1561 3137 CARM'EN
1618 3071 1886 3136 XIII.

888 3406 1037 3475 CUM
1084 3417 1178 3494 tu,
1228 3404 1447 3497 Lydia,
1478 3400 1729 3497 Telephi

800 3496 1114 3563 Cervicem
1145 3496 1401 3579 roseam,
1432 3518 1608 3563 cerea
1638 3498 1889 3584 Telephi

884 3582 1124 3646 Laudas
1153 3585 1399 3648 brachia
1450 3606 1561 3648 vae
1591 3592 1790 3647 meum

799 3668 1069 3733 Fervens
1099 3670 1318 3733 difficili
1344 3671 1462 3734 bile
1494 3679 1687 3733 tumet
1705 3671 1906 3754 jecur.

885 3754 1055 3818 Tune
1083 3776 1196 3818 nec
1226 3777 1395 3819 mens
1424 3757 1567 3819 mihi
1594 3778 1707 3819 nec
1738 3759 1903 3820 color

805 3839 992 3905 Certa
1017 3841 1160 3905 sede
1205 3847 1437 3922 manet,
1486 3843 1700 3908 humor
1728 3849 1793 3905 et
1818 3843 1881 3905 in
1911 3860 2099 3926 genas

2463 954 2534 1002 ⁴0

2357 1385 2533 1452 ,45
