<?xml version="1.0" encoding="UTF-8"?>
<!DOCTYPE html PUBLIC "-//W3C//DTD XHTML 1.0 Transitional//EN"
    "http://www.w3.org/TR/xhtml1/DTD/xhtml1-transitional.dtd">
<html xmlns="http://www.w3.org/1999/xhtml" xml:lang="en" lang="en">
 <head>
  <title>
</title>
<meta http-equiv="Content-Type" content="text/html;charset=utf-8" />
  <meta name='ocr-system' content='tesseract 3.04.00' />
  <meta name='ocr-capabilities' content='ocr_page ocr_carea ocr_par ocr_line ocrx_word'/>
</head>
<body>
  <div class='ocr_page' id='page_1' title='image "./workshoracewith01chasgoog/workshoracewith01chasgoog_0235.png"; bbox 0 0 2742 4417; ppageno 0'>
   <div class='ocr_carea' id='block_1_1' title="bbox 194 360 2014 2468">
    <p class='ocr_par' dir='ltr' id='par_1_1' title="bbox 194 360 2014 2468">
     <span class='ocr_line' id='line_1_1' title="bbox 954 360 1878 483; baseline 0 -75"><span class='ocrx_word' id='word_1_1' title='bbox 954 362 1083 408; x_wconf 72' lang='grc' dir='ltr'><strong>ΠΒ.</strong></span> <span class='ocrx_word' id='word_1_2' title='bbox 1129 361 1207 407; x_wconf 89' lang='lat'><strong>11.</strong></span> <span class='ocrx_word' id='word_1_3' title='bbox 1254 360 1455 407; x_wconf 74' lang='lat' dir='ltr'><strong>EPIST.</strong></span> <span class='ocrx_word' id='word_1_4' title='bbox 1503 361 1552 408; x_wconf 90' lang='lat'><strong>1.</strong></span> <span class='ocrx_word' id='word_1_5' title='bbox 1825 414 1878 483; x_wconf 47' lang='grc' dir='ltr'>ἱ</span> 
     </span>
     <span class='ocr_line' id='line_1_2' title="bbox 200 514 1833 601; baseline -0.004 -18"><span class='ocrx_word' id='word_1_6' title='bbox 200 514 392 594; x_wconf 80' lang='lat' dir='ltr'><strong>Quod</strong></span> <span class='ocrx_word' id='word_1_7' title='bbox 420 539 668 582; x_wconf 86' lang='lat' dir='ltr'><strong>numero</strong></span> <span class='ocrx_word' id='word_1_8' title='bbox 699 518 923 601; x_wconf 88' lang='lat' dir='ltr'><strong>plures,</strong></span> <span class='ocrx_word' id='word_1_9' title='bbox 958 517 1179 579; x_wconf 90' lang='lat' dir='ltr'><strong>virtute</strong></span> <span class='ocrx_word' id='word_1_10' title='bbox 1212 521 1275 579; x_wconf 88' lang='lat' dir='ltr'><strong>et</strong></span> <span class='ocrx_word' id='word_1_11' title='bbox 1302 515 1525 578; x_wconf 88' lang='lat' dir='ltr'><strong>honore</strong></span> <span class='ocrx_word' id='word_1_12' title='bbox 1552 515 1833 595; x_wconf 89' lang='lat' dir='ltr'><strong>minores,</strong></span> 
     </span>
     <span class='ocr_line' id='line_1_3' title="bbox 200 603 1489 687; baseline -0.004 -18"><span class='ocrx_word' id='word_1_13' title='bbox 200 605 454 669; x_wconf 82' lang='lat' dir='ltr'><strong>Indocti</strong></span> <span class='ocrx_word' id='word_1_14' title='bbox 482 604 797 687; x_wconf 78' lang='lat' dir='ltr'>stolidique</span> <span class='ocrx_word' id='word_1_15' title='bbox 828 610 892 667; x_wconf 94' lang='lat' dir='ltr'><strong>et</strong></span> <span class='ocrx_word' id='word_1_16' title='bbox 922 604 1269 687; x_wconf 80' lang='lat' dir='ltr'>depugnare</span> <span class='ocrx_word' id='word_1_17' title='bbox 1292 603 1489 684; x_wconf 82' lang='lat' dir='ltr'><strong>parati</strong></span> 
     </span>
     <span class='ocr_line' id='line_1_4' title="bbox 202 689 1846 773; baseline -0.005 -18"><span class='ocrx_word' id='word_1_18' title='bbox 202 691 281 756; x_wconf 89' lang='lat' dir='ltr'><strong>Si</strong></span> <span class='ocrx_word' id='word_1_19' title='bbox 314 691 618 753; x_wconf 82' lang='lat' dir='ltr'><strong>discordet</strong></span> <span class='ocrx_word' id='word_1_20' title='bbox 646 710 853 773; x_wconf 78' lang='lat' dir='ltr'><strong>equeS,</strong></span> <span class='ocrx_word' id='word_1_21' title='bbox 883 689 1082 751; x_wconf 88' lang='lat' dir='ltr'><strong>media</strong></span> <span class='ocrx_word' id='word_1_22' title='bbox 1109 690 1269 751; x_wconf 83' lang='lat' dir='ltr'><strong>inter</strong></span> <span class='ocrx_word' id='word_1_23' title='bbox 1298 689 1562 751; x_wconf 86' lang='lat' dir='ltr'><strong>carmina</strong></span> <span class='ocrx_word' id='word_1_24' title='bbox 1591 692 1846 771; x_wconf 89' lang='lat' dir='ltr'><strong>poscunt</strong></span> 
     </span>
     <span class='ocr_line' id='line_1_5' title="bbox 197 771 1949 858; baseline -0.004 -18"><span class='ocrx_word' id='word_1_25' title='bbox 197 778 345 840; x_wconf 92' lang='lat' dir='ltr'><strong>Aut</strong></span> <span class='ocrx_word' id='word_1_26' title='bbox 373 798 581 839; x_wconf 88' lang='lat' dir='ltr'><strong>ursum</strong></span> <span class='ocrx_word' id='word_1_27' title='bbox 610 784 715 837; x_wconf 86' lang='lat' dir='ltr'><strong>aut</strong></span> <span class='ocrx_word' id='word_1_28' title='bbox 744 776 1012 858; x_wconf 82' lang='lat' dir='ltr'>pugiles:</span> <span class='ocrx_word' id='word_1_29' title='bbox 1062 774 1153 837; x_wconf 87' lang='lat' dir='ltr'><strong>his</strong></span> <span class='ocrx_word' id='word_1_30' title='bbox 1185 795 1322 836; x_wconf 89' lang='lat' dir='ltr'><strong>nam</strong></span> <span class='ocrx_word' id='word_1_31' title='bbox 1354 775 1668 857; x_wconf 79' lang='lat' dir='ltr'><strong>plebecula</strong></span> <span class='ocrx_word' id='word_1_32' title='bbox 1696 771 1949 856; x_wconf 77' lang='lat' dir='ltr'><strong>plaudit.</strong></span> 
     </span>
     <span class='ocr_line' id='line_1_6' title="bbox 199 860 2014 945; baseline -0.002 -20"><span class='ocrx_word' id='word_1_33' title='bbox 199 864 450 925; x_wconf 86' lang='lat' dir='ltr'><strong>Verum</strong></span> <span class='ocrx_word' id='word_1_34' title='bbox 479 862 695 944; x_wconf 85' lang='lat' dir='ltr'><strong>equitis</strong></span> <span class='ocrx_word' id='word_1_35' title='bbox 725 882 963 945; x_wconf 88' lang='lat' dir='ltr'><strong>quoque</strong></span> <span class='ocrx_word' id='word_1_36' title='bbox 984 861 1123 944; x_wconf 83' lang='lat' dir='ltr'><strong>jam·</strong></span> <span class='ocrx_word' id='word_1_37' title='bbox 1143 860 1426 943; x_wconf 87' lang='lat' dir='ltr'><strong>migravit</strong></span> <span class='ocrx_word' id='word_1_38' title='bbox 1454 860 1528 922; x_wconf 90' lang='lat' dir='ltr'><strong>ab</strong></span> <span class='ocrx_word' id='word_1_39' title='bbox 1561 880 1705 922; x_wconf 90' lang='lat' dir='ltr'><strong>aure</strong></span> <span class='ocrx_word' id='word_1_40' title='bbox 1737 861 2014 942; x_wconf 83' lang='lat' dir='ltr'><strong>voluptas</strong></span> 
     </span>
     <span class='ocr_line' id='line_1_7' title="bbox 202 945 1604 1027; baseline -0.003 -16"><span class='ocrx_word' id='word_1_41' title='bbox 202 948 427 1011; x_wconf 86' lang='lat' dir='ltr'><strong>Omnis</strong></span> <span class='ocrx_word' id='word_1_42' title='bbox 455 946 535 1010; x_wconf 86' lang='lat' dir='ltr'><strong>ad</strong></span> <span class='ocrx_word' id='word_1_43' title='bbox 563 946 823 1010; x_wconf 86' lang='lat' dir='ltr'><strong>incertos</strong></span> <span class='ocrx_word' id='word_1_44' title='bbox 852 948 1053 1009; x_wconf 88' lang='lat' dir='ltr'><strong>oculos</strong></span> <span class='ocrx_word' id='word_1_45' title='bbox 1082 952 1147 1007; x_wconf 91' lang='lat' dir='ltr'><strong>et</strong></span> <span class='ocrx_word' id='word_1_46' title='bbox 1176 945 1397 1027; x_wconf 85' lang='lat' dir='ltr'><strong>gaudia</strong></span> <span class='ocrx_word' id='word_1_47' title='bbox 1429 964 1604 1007; x_wconf 84' lang='lat' dir='ltr'><strong>vana.</strong></span> 
     </span>
     <span class='ocr_line' id='line_1_8' title="bbox 200 1030 1822 1116; baseline -0.001 -20"><span class='ocrx_word' id='word_1_48' title='bbox 200 1032 514 1107; x_wconf 77' lang='lat' dir='ltr'><strong>Quattuor</strong></span> <span class='ocrx_word' id='word_1_49' title='bbox 542 1040 649 1096; x_wconf 88' lang='lat' dir='ltr'><strong>aut</strong></span> <span class='ocrx_word' id='word_1_50' title='bbox 676 1034 879 1116; x_wconf 89' lang='lat' dir='ltr'><strong>plures</strong></span> <span class='ocrx_word' id='word_1_51' title='bbox 908 1032 1119 1094; x_wconf 86' lang='lat' dir='ltr'><strong>aulaea</strong></span> <span class='ocrx_word' id='word_1_52' title='bbox 1147 1036 1503 1113; x_wconf 86' lang='lat' dir='ltr'><strong>premuntur</strong></span> <span class='ocrx_word' id='word_1_53' title='bbox 1532 1032 1595 1095; x_wconf 91' lang='lat' dir='ltr'><strong>in</strong></span> <span class='ocrx_word' id='word_1_54' title='bbox 1623 1030 1822 1110; x_wconf 85' lang='lat' dir='ltr'><strong>horas,</strong></span> 
     </span>
     <span class='ocr_line' id='line_1_9' title="bbox 197 1115 1981 1201; baseline -0.001 -20"><span class='ocrx_word' id='word_1_55' title='bbox 197 1120 373 1181; x_wconf 85' lang='lat' dir='ltr'><strong>Dum</strong></span> <span class='ocrx_word' id='word_1_56' title='bbox 402 1118 646 1201; x_wconf 86' lang='lat' dir='ltr'><strong>fugiunt</strong></span> <span class='ocrx_word' id='word_1_57' title='bbox 675 1119 945 1201; x_wconf 85' lang='lat' dir='ltr'><strong>equitum</strong></span> <span class='ocrx_word' id='word_1_58' title='bbox 973 1124 1207 1180; x_wconf 86' lang='lat' dir='ltr'><strong>turmae</strong></span> <span class='ocrx_word' id='word_1_59' title='bbox 1237 1115 1626 1199; x_wconf 78' lang='lat' dir='ltr'><strong>peditumque</strong></span> <span class='ocrx_word' id='word_1_60' title='bbox 1655 1124 1938 1180; x_wconf 82' lang='lat' dir='ltr'><strong>catervae</strong></span> <span class='ocrx_word' id='word_1_61' title='bbox 1962 1133 1981 1191; x_wconf 81' lang='lat'><em>3</em></span> 
     </span>
     <span class='ocr_line' id='line_1_10' title="bbox 198 1202 1750 1292; baseline -0.001 -25"><span class='ocrx_word' id='word_1_62' title='bbox 198 1204 357 1267; x_wconf 89' lang='lat' dir='ltr'><strong>Mox</strong></span> <span class='ocrx_word' id='word_1_63' title='bbox 386 1204 647 1266; x_wconf 89' lang='lat' dir='ltr'><strong>trahitur</strong></span> <span class='ocrx_word' id='word_1_64' title='bbox 674 1204 946 1266; x_wconf 85' lang='lat' dir='ltr'><strong>manibus</strong></span> <span class='ocrx_word' id='word_1_65' title='bbox 976 1223 1187 1285; x_wconf 88' lang='lat' dir='ltr'><strong>regum</strong></span> <span class='ocrx_word' id='word_1_66' title='bbox 1216 1202 1458 1265; x_wconf 83' lang='lat' dir='ltr'><strong>fortuna</strong></span> <span class='ocrx_word' id='word_1_67' title='bbox 1486 1204 1750 1292; x_wconf 47' lang='lat' dir='ltr'><strong>wlnonis,</strong></span> 
     </span>
     <span class='ocr_line' id='line_1_11' title="bbox 200 1288 1640 1373; baseline -0.003 -20"><span class='ocrx_word' id='word_1_68' title='bbox 200 1290 449 1353; x_wconf 87' lang='lat' dir='ltr'><strong>Esseda</strong></span> <span class='ocrx_word' id='word_1_69' title='bbox 474 1290 781 1368; x_wconf 86' lang='lat' dir='ltr'><strong>festinant,</strong></span> <span class='ocrx_word' id='word_1_70' title='bbox 810 1289 1060 1373; x_wconf 85' lang='lat' dir='ltr'><strong>pilenta,</strong></span> <span class='ocrx_word' id='word_1_71' title='bbox 1090 1288 1402 1371; x_wconf 81' lang='lat' dir='ltr'><strong>petorrita,</strong></span> <span class='ocrx_word' id='word_1_72' title='bbox 1431 1308 1640 1367; x_wconf 88' lang='lat' dir='ltr'><strong>naves,</strong></span> 
     </span>
     <span class='ocr_line' id='line_1_12' title="bbox 202 1373 1675 1459; baseline 0 -21"><span class='ocrx_word' id='word_1_73' title='bbox 202 1375 532 1459; x_wconf 82' lang='lat' dir='ltr'><strong>Captivum</strong></span> <span class='ocrx_word' id='word_1_74' title='bbox 561 1383 837 1459; x_wconf 88' lang='lat' dir='ltr'><strong>portatur</strong></span> <span class='ocrx_word' id='word_1_75' title='bbox 865 1376 1034 1452; x_wconf 81' lang='lat' dir='ltr'><strong>ebur,</strong></span> <span class='ocrx_word' id='word_1_76' title='bbox 1061 1374 1300 1457; x_wconf 83' lang='lat' dir='ltr'><strong>captiva</strong></span> <span class='ocrx_word' id='word_1_77' title='bbox 1332 1373 1675 1438; x_wconf 81' lang='lat' dir='ltr'><strong>Corinthus.</strong></span> 
     </span>
     <span class='ocr_line' id='line_1_13' title="bbox 202 1459 1616 1537; baseline -0.001 -14"><span class='ocrx_word' id='word_1_78' title='bbox 202 1460 277 1523; x_wconf 81' lang='lat' dir='ltr'><strong>Si</strong></span> <span class='ocrx_word' id='word_1_79' title='bbox 309 1462 469 1523; x_wconf 83' lang='lat' dir='ltr'><strong>foret</strong></span> <span class='ocrx_word' id='word_1_80' title='bbox 494 1461 557 1522; x_wconf 90' lang='lat' dir='ltr'><strong>in</strong></span> <span class='ocrx_word' id='word_1_81' title='bbox 586 1461 763 1524; x_wconf 88' lang='lat' dir='ltr'><strong>terris</strong></span> <span class='ocrx_word' id='word_1_82' title='bbox 816 1460 1043 1523; x_wconf 81' lang='lat' dir='ltr'><strong>rideret</strong></span> <span class='ocrx_word' id='word_1_83' title='bbox 1072 1459 1476 1537; x_wconf 81' lang='lat' dir='ltr'><strong>Democritus,</strong></span> <span class='ocrx_word' id='word_1_84' title='bbox 1507 1480 1616 1522; x_wconf 87' lang='lat' dir='ltr'><strong>seu</strong></span> 
     </span>
     <span class='ocr_line' id='line_1_14' title="bbox 199 1545 1635 1629; baseline -0.001 -20"><span class='ocrx_word' id='word_1_85' title='bbox 199 1546 533 1609; x_wconf 85' lang='lat' dir='ltr'><strong>Diversum</strong></span> <span class='ocrx_word' id='word_1_86' title='bbox 563 1547 813 1609; x_wconf 84' lang='lat' dir='ltr'><strong>confusa</strong></span> <span class='ocrx_word' id='word_1_87' title='bbox 840 1566 1033 1628; x_wconf 90' lang='lat' dir='ltr'><strong>genus</strong></span> <span class='ocrx_word' id='word_1_88' title='bbox 1063 1545 1357 1629; x_wconf 87' lang='lat' dir='ltr'><strong>panthera</strong></span> <span class='ocrx_word' id='word_1_89' title='bbox 1387 1545 1635 1626; x_wconf 80' lang='lat' dir='ltr'><strong>cameIO,</strong></span> 
     </span>
     <span class='ocr_line' id='line_1_15' title="bbox 202 1631 1607 1715; baseline 0.001 -20"><span class='ocrx_word' id='word_1_90' title='bbox 202 1631 353 1695; x_wconf 85' lang='lat' dir='ltr'><strong>Sive</strong></span> <span class='ocrx_word' id='word_1_91' title='bbox 386 1632 628 1715; x_wconf 87' lang='lat' dir='ltr'><strong>elephas</strong></span> <span class='ocrx_word' id='word_1_92' title='bbox 658 1632 828 1695; x_wconf 89' lang='lat' dir='ltr'><strong>albus</strong></span> <span class='ocrx_word' id='word_1_93' title='bbox 858 1631 1022 1714; x_wconf 86' lang='lat' dir='ltr'><strong>vulgi</strong></span> <span class='ocrx_word' id='word_1_94' title='bbox 1053 1637 1432 1697; x_wconf 81' lang='lat' dir='ltr'><strong>converteret</strong></span> <span class='ocrx_word' id='word_1_95' title='bbox 1457 1651 1607 1709; x_wconf 79' lang='lat' dir='ltr'><strong>ora3</strong></span> 
     </span>
     <span class='ocr_line' id='line_1_16' title="bbox 200 1717 1545 1807; baseline -0.001 -27"><span class='ocrx_word' id='word_1_96' title='bbox 200 1717 535 1801; x_wconf 86' lang='lat' dir='ltr'><strong>Spectaret</strong></span> <span class='ocrx_word' id='word_1_97' title='bbox 562 1719 843 1807; x_wconf 89' lang='lat' dir='ltr'><strong>populum</strong></span> <span class='ocrx_word' id='word_1_98' title='bbox 872 1718 1030 1780; x_wconf 89' lang='lat' dir='ltr'><strong>ludis</strong></span> <span class='ocrx_word' id='word_1_99' title='bbox 1060 1718 1347 1779; x_wconf 87' lang='lat' dir='ltr'><strong>attentius</strong></span> <span class='ocrx_word' id='word_1_100' title='bbox 1383 1717 1545 1801; x_wconf 79' lang='lat' dir='ltr'><strong>ipsiS,</strong></span> 
     </span>
     <span class='ocr_line' id='line_1_17' title="bbox 196 1804 1679 1887; baseline 0.001 -21"><span class='ocrx_word' id='word_1_101' title='bbox 196 1804 296 1867; x_wconf 88' lang='lat' dir='ltr'><strong>Ut</strong></span> <span class='ocrx_word' id='word_1_102' title='bbox 325 1804 440 1866; x_wconf 89' lang='lat' dir='ltr'><strong>sibi</strong></span> <span class='ocrx_word' id='word_1_103' title='bbox 469 1805 854 1887; x_wconf 82' lang='lat' dir='ltr'><strong>praebentem</strong></span> <span class='ocrx_word' id='word_1_104' title='bbox 882 1804 1063 1878; x_wconf 78' lang='lat' dir='ltr'><strong>mimo</strong></span> <span class='ocrx_word' id='word_1_105' title='bbox 1091 1804 1438 1886; x_wconf 87' lang='lat' dir='ltr'><strong>spectacula</strong></span> <span class='ocrx_word' id='word_1_106' title='bbox 1467 1804 1679 1885; x_wconf 80' lang='lat' dir='ltr'><strong>plura3</strong></span> 
     </span>
     <span class='ocr_line' id='line_1_18' title="bbox 200 1888 1544 1973; baseline 0.001 -21"><span class='ocrx_word' id='word_1_107' title='bbox 200 1888 553 1973; x_wconf 83' lang='lat' dir='ltr'><strong>Scriptores</strong></span> <span class='ocrx_word' id='word_1_108' title='bbox 581 1897 784 1952; x_wconf 83' lang='lat' dir='ltr'><strong>autem</strong></span> <span class='ocrx_word' id='word_1_109' title='bbox 812 1909 1059 1952; x_wconf 87' lang='lat' dir='ltr'><strong>narrare</strong></span> <span class='ocrx_word' id='word_1_110' title='bbox 1088 1896 1331 1973; x_wconf 86' lang='lat' dir='ltr'><strong>putaret</strong></span> <span class='ocrx_word' id='word_1_111' title='bbox 1361 1890 1544 1953; x_wconf 85' lang='lat' dir='ltr'><strong>asello</strong></span> 
     </span>
     <span class='ocr_line' id='line_1_19' title="bbox 194 1975 1777 2058; baseline -0.001 -20"><span class='ocrx_word' id='word_1_112' title='bbox 194 1976 517 2039; x_wconf 83' lang='lat' dir='ltr'><strong>Fabellam</strong></span> <span class='ocrx_word' id='word_1_113' title='bbox 546 1976 749 2038; x_wconf 83' lang='lat' dir='ltr'><strong>surde.</strong></span> <span class='ocrx_word' id='word_1_114' title='bbox 839 1975 1002 2038; x_wconf 86' lang='lat' dir='ltr'><strong>Nam</strong></span> <span class='ocrx_word' id='word_1_115' title='bbox 1031 1994 1187 2058; x_wconf 88' lang='lat' dir='ltr'><strong>quae</strong></span> <span class='ocrx_word' id='word_1_116' title='bbox 1217 1975 1568 2058; x_wconf 84' lang='lat' dir='ltr'><strong>pervincere</strong></span> <span class='ocrx_word' id='word_1_117' title='bbox 1600 1992 1777 2037; x_wconf 87' lang='lat' dir='ltr'><strong>voces</strong></span> 
     </span>
     <span class='ocr_line' id='line_1_20' title="bbox 196 2058 1840 2143; baseline 0 -20"><span class='ocrx_word' id='word_1_118' title='bbox 196 2060 512 2124; x_wconf 86' lang='lat' dir='ltr'><strong>Evaluere</strong></span> <span class='ocrx_word' id='word_1_119' title='bbox 542 2082 752 2124; x_wconf 90' lang='lat' dir='ltr'><strong>sonum</strong></span> <span class='ocrx_word' id='word_1_120' title='bbox 801 2062 1073 2124; x_wconf 85' lang='lat' dir='ltr'><strong>referunt</strong></span> <span class='ocrx_word' id='word_1_121' title='bbox 1102 2080 1280 2143; x_wconf 90' lang='lat' dir='ltr'><strong>quem</strong></span> <span class='ocrx_word' id='word_1_122' title='bbox 1309 2068 1515 2143; x_wconf 85' lang='lat' dir='ltr'><strong>nostra</strong></span> <span class='ocrx_word' id='word_1_123' title='bbox 1547 2058 1840 2123; x_wconf 80' lang='lat' dir='ltr'><strong>theatra?</strong></span> 
     </span>
     <span class='ocr_line' id='line_1_21' title="bbox 198 2146 1917 2232; baseline -0.001 -21"><span class='ocrx_word' id='word_1_124' title='bbox 198 2147 564 2230; x_wconf 85' lang='lat' dir='ltr'><strong>Garganum</strong></span> <span class='ocrx_word' id='word_1_125' title='bbox 592 2148 825 2230; x_wconf 90' lang='lat' dir='ltr'><strong>mugire</strong></span> <span class='ocrx_word' id='word_1_126' title='bbox 856 2156 1031 2232; x_wconf 89' lang='lat' dir='ltr'><strong>putes</strong></span> <span class='ocrx_word' id='word_1_127' title='bbox 1058 2164 1269 2209; x_wconf 88' lang='lat' dir='ltr'><strong>nemus</strong></span> <span class='ocrx_word' id='word_1_128' title='bbox 1298 2154 1407 2209; x_wconf 83' lang='lat' dir='ltr'><strong>aut</strong></span> <span class='ocrx_word' id='word_1_129' title='bbox 1434 2166 1598 2209; x_wconf 86' lang='lat' dir='ltr'><strong>mare</strong></span> <span class='ocrx_word' id='word_1_130' title='bbox 1629 2146 1917 2227; x_wconf 81' lang='lat' dir='ltr'><strong>Tuscum,</strong></span> 
     </span>
     <span class='ocr_line' id='line_1_22' title="bbox 198 2232 1673 2316; baseline 0.001 -21"><span class='ocrx_word' id='word_1_131' title='bbox 198 2233 403 2296; x_wconf 82' lang='lat' dir='ltr'><strong>Tanto</strong></span> <span class='ocrx_word' id='word_1_132' title='bbox 435 2254 570 2296; x_wconf 87' lang='lat' dir='ltr'><strong>cum</strong></span> <span class='ocrx_word' id='word_1_133' title='bbox 600 2233 854 2316; x_wconf 89' lang='lat' dir='ltr'><strong>strepitu</strong></span> <span class='ocrx_word' id='word_1_134' title='bbox 882 2232 1009 2296; x_wconf 90' lang='lat' dir='ltr'><strong>ludi</strong></span> <span class='ocrx_word' id='word_1_135' title='bbox 1038 2238 1392 2314; x_wconf 81' lang='lat' dir='ltr'><strong>spectantur</strong></span> <span class='ocrx_word' id='word_1_136' title='bbox 1421 2239 1484 2295; x_wconf 87' lang='lat' dir='ltr'><strong>et</strong></span> <span class='ocrx_word' id='word_1_137' title='bbox 1513 2241 1673 2296; x_wconf 84' lang='lat' dir='ltr'><strong>artes</strong></span> 
     </span>
     <span class='ocr_line' id='line_1_23' title="bbox 194 2318 1690 2401; baseline 0 -20"><span class='ocrx_word' id='word_1_138' title='bbox 194 2318 592 2401; x_wconf 87' lang='lat' dir='ltr'><strong>Divitiaeque</strong></span> <span class='ocrx_word' id='word_1_139' title='bbox 623 2318 1001 2401; x_wconf 80' lang='lat' dir='ltr'><strong>peregrinae,</strong></span> <span class='ocrx_word' id='word_1_140' title='bbox 1031 2318 1244 2401; x_wconf 89' lang='lat' dir='ltr'><strong>quibus</strong></span> <span class='ocrx_word' id='word_1_141' title='bbox 1274 2318 1492 2381; x_wconf 89' lang='lat' dir='ltr'><strong>oblitus</strong></span> <span class='ocrx_word' id='word_1_142' title='bbox 1521 2326 1690 2381; x_wconf 79' lang='lat' dir='ltr'><strong>actor</strong></span> 
     </span>
     <span class='ocr_line' id='line_1_24' title="bbox 198 2403 1760 2468; baseline 0 -1"><span class='ocrx_word' id='word_1_143' title='bbox 198 2403 362 2467; x_wconf 78' lang='lat' dir='ltr'><strong>Cum</strong></span> <span class='ocrx_word' id='word_1_144' title='bbox 394 2404 564 2467; x_wconf 88' lang='lat' dir='ltr'><strong>stetit</strong></span> <span class='ocrx_word' id='word_1_145' title='bbox 591 2404 653 2465; x_wconf 92' lang='lat' dir='ltr'><strong>in</strong></span> <span class='ocrx_word' id='word_1_146' title='bbox 682 2425 865 2468; x_wconf 88' lang='lat' dir='ltr'><strong>scena</strong></span> <span class='ocrx_word' id='word_1_147' title='bbox 918 2405 1220 2467; x_wconf 86' lang='lat' dir='ltr'><strong>concurrit</strong></span> <span class='ocrx_word' id='word_1_148' title='bbox 1251 2403 1502 2467; x_wconf 84' lang='lat' dir='ltr'><strong>dextera</strong></span> <span class='ocrx_word' id='word_1_149' title='bbox 1531 2405 1760 2467; x_wconf 83' lang='lat' dir='ltr'><strong>laevae.</strong></span> 
     </span>
    </p>
   </div>
   <div class='ocr_carea' id='block_1_2' title="bbox 197 2488 2030 2575">
    <p class='ocr_par' dir='ltr' id='par_1_2' title="bbox 197 2488 2030 2575">
     <span class='ocr_line' id='line_1_25' title="bbox 197 2488 2030 2575; baseline 0.002 -24"><span class='ocrx_word' id='word_1_150' title='bbox 197 2490 377 2553; x_wconf 89' lang='lat' dir='ltr'><strong>Dixit</strong></span> <span class='ocrx_word' id='word_1_151' title='bbox 408 2490 605 2553; x_wconf 87' lang='lat' dir='ltr'><strong>adhuc</strong></span> <span class='ocrx_word' id='word_1_152' title='bbox 638 2488 907 2573; x_wconf 82' lang='lat' dir='ltr'><strong>aliquid?</strong></span> <span class='ocrx_word' id='word_1_153' title='bbox 998 2488 1103 2552; x_wconf 89' lang='lat' dir='ltr'><strong>Nil</strong></span> <span class='ocrx_word' id='word_1_154' title='bbox 1134 2509 1298 2553; x_wconf 85' lang='lat' dir='ltr'><strong>sane.</strong></span> <span class='ocrx_word' id='word_1_155' title='bbox 1393 2489 1554 2563; x_wconf 86' lang='lat' dir='ltr'><strong>Quid</strong></span> <span class='ocrx_word' id='word_1_156' title='bbox 1580 2490 1784 2575; x_wconf 88' lang='lat' dir='ltr'><strong>placet</strong></span> <span class='ocrx_word' id='word_1_157' title='bbox 1811 2510 1957 2573; x_wconf 88' lang='lat' dir='ltr'><strong>ergo</strong></span> <span class='ocrx_word' id='word_1_158' title='bbox 1981 2488 2030 2569; x_wconf 48' lang='grc' dir='ltr'><strong>ἲ,</strong></span> 
     </span>
    </p>
   </div>
   <div class='ocr_carea' id='block_1_3' title="bbox 198 2575 1943 3951">
    <p class='ocr_par' dir='ltr' id='par_1_3' title="bbox 198 2575 1490 2639">
     <span class='ocr_line' id='line_1_26' title="bbox 198 2575 1490 2639; baseline 0.001 -2"><span class='ocrx_word' id='word_1_159' title='bbox 198 2575 378 2638; x_wconf 86' lang='lat' dir='ltr'><strong>Lana</strong></span> <span class='ocrx_word' id='word_1_160' title='bbox 406 2575 731 2638; x_wconf 81' lang='lat' dir='ltr'><strong>Tarentino</strong></span> <span class='ocrx_word' id='word_1_161' title='bbox 763 2576 946 2638; x_wconf 87' lang='lat' dir='ltr'><strong>violas</strong></span> <span class='ocrx_word' id='word_1_162' title='bbox 975 2575 1208 2639; x_wconf 86' lang='lat' dir='ltr'><strong>imitata</strong></span> <span class='ocrx_word' id='word_1_163' title='bbox 1237 2596 1490 2639; x_wconf 89' lang='lat' dir='ltr'><strong>veneno.</strong></span> 
     </span>
    </p>

    <p class='ocr_par' dir='ltr' id='par_1_4' title="bbox 200 2661 1839 2829">
     <span class='ocr_line' id='line_1_27' title="bbox 200 2661 1839 2745; baseline 0.002 -22"><span class='ocrx_word' id='word_1_164' title='bbox 200 2662 301 2723; x_wconf 92' lang='lat' dir='ltr'><strong>Ac</strong></span> <span class='ocrx_word' id='word_1_165' title='bbox 334 2682 413 2723; x_wconf 91' lang='lat' dir='ltr'><strong>ne</strong></span> <span class='ocrx_word' id='word_1_166' title='bbox 446 2661 597 2724; x_wconf 88' lang='lat' dir='ltr'><strong>forte</strong></span> <span class='ocrx_word' id='word_1_167' title='bbox 628 2668 803 2744; x_wconf 90' lang='lat' dir='ltr'><strong>putes</strong></span> <span class='ocrx_word' id='word_1_168' title='bbox 834 2682 929 2723; x_wconf 88' lang='lat' dir='ltr'><strong>me</strong></span> <span class='ocrx_word' id='word_1_169' title='bbox 983 2681 1139 2743; x_wconf 88' lang='lat' dir='ltr'><strong>quae</strong></span> <span class='ocrx_word' id='word_1_170' title='bbox 1167 2662 1369 2725; x_wconf 88' lang='lat' dir='ltr'><strong>facere</strong></span> <span class='ocrx_word' id='word_1_171' title='bbox 1399 2662 1528 2745; x_wconf 86' lang='lat' dir='ltr'><strong>ipse</strong></span> <span class='ocrx_word' id='word_1_172' title='bbox 1566 2682 1839 2726; x_wconf 84' lang='lat' dir='ltr'><strong>recusem</strong></span> 
     </span>
     <span class='ocr_line' id='line_1_28' title="bbox 202 2745 1621 2829; baseline 0 -20"><span class='ocrx_word' id='word_1_173' title='bbox 202 2745 363 2809; x_wconf 84' lang='lat' dir='ltr'><strong>Cum</strong></span> <span class='ocrx_word' id='word_1_174' title='bbox 392 2754 561 2809; x_wconf 86' lang='lat' dir='ltr'><strong>rect-e</strong></span> <span class='ocrx_word' id='word_1_175' title='bbox 592 2752 855 2809; x_wconf 87' lang='lat' dir='ltr'><strong>tractent</strong></span> <span class='ocrx_word' id='word_1_176' title='bbox 886 2747 986 2809; x_wconf 89' lang='lat' dir='ltr'><strong>alii</strong></span> <span class='ocrx_word' id='word_1_177' title='bbox 1037 2747 1285 2810; x_wconf 86' lang='lat' dir='ltr'><strong>laudare</strong></span> <span class='ocrx_word' id='word_1_178' title='bbox 1316 2748 1576 2829; x_wconf 88' lang='lat' dir='ltr'><strong>maligne</strong></span> <span class='ocrx_word' id='word_1_179' title='bbox 1604 2768 1621 2825; x_wconf 93' lang='lat'>;</span> 
     </span>
    </p>

    <p class='ocr_par' dir='ltr' id='par_1_5' title="bbox 198 2832 1686 2918">
     <span class='ocr_line' id='line_1_29' title="bbox 198 2832 1686 2918; baseline 0.001 -24"><span class='ocrx_word' id='word_1_180' title='bbox 198 2832 319 2895; x_wconf 88' lang='lat' dir='ltr'><strong>Ille</strong></span> <span class='ocrx_word' id='word_1_181' title='bbox 352 2853 464 2916; x_wconf 89' lang='lat' dir='ltr'><strong>per</strong></span> <span class='ocrx_word' id='word_1_182' title='bbox 492 2838 801 2895; x_wconf 87' lang='lat' dir='ltr'><strong>extentum</strong></span> <span class='ocrx_word' id='word_1_183' title='bbox 828 2832 1039 2894; x_wconf 85' lang='lat' dir='ltr'><strong>sunem</strong></span> <span class='ocrx_word' id='word_1_184' title='bbox 1067 2834 1211 2896; x_wconf 90' lang='lat' dir='ltr'><strong>mihi</strong></span> <span class='ocrx_word' id='word_1_185' title='bbox 1244 2854 1413 2918; x_wconf 68' lang='lat' dir='ltr'><strong>posse</strong></span> <span class='ocrx_word' id='word_1_186' title='bbox 1443 2833 1686 2897; x_wconf 84' lang='lat' dir='ltr'><strong>videtur</strong></span> 
     </span>
    </p>

    <p class='ocr_par' dir='ltr' id='par_1_6' title="bbox 198 2917 1650 3087">
     <span class='ocr_line' id='line_1_30' title="bbox 198 2917 1650 3002; baseline 0 -21"><span class='ocrx_word' id='word_1_187' title='bbox 198 2917 307 2981; x_wconf 89' lang='lat' dir='ltr'><strong>Ire</strong></span> <span class='ocrx_word' id='word_1_188' title='bbox 340 2919 543 3002; x_wconf 62' lang='lat' dir='ltr'><strong>poeta,</strong></span> <span class='ocrx_word' id='word_1_189' title='bbox 572 2939 770 2981; x_wconf 89' lang='lat' dir='ltr'><strong>meum</strong></span> <span class='ocrx_word' id='word_1_190' title='bbox 800 2918 903 3001; x_wconf 91' lang='lat' dir='ltr'><strong>qui</strong></span> <span class='ocrx_word' id='word_1_191' title='bbox 931 2925 1144 3001; x_wconf 88' lang='lat' dir='ltr'><strong>pectus</strong></span> <span class='ocrx_word' id='word_1_192' title='bbox 1172 2919 1433 2982; x_wconf 86' lang='lat' dir='ltr'><strong>inaniter</strong></span> <span class='ocrx_word' id='word_1_193' title='bbox 1459 2919 1650 3002; x_wconf 86' lang='lat' dir='ltr'><strong>angit,</strong></span> 
     </span>
     <span class='ocr_line' id='line_1_31' title="bbox 198 3004 1527 3087; baseline 0 -20"><span class='ocrx_word' id='word_1_194' title='bbox 198 3004 443 3083; x_wconf 84' lang='lat' dir='ltr'><strong>Irritat,</strong></span> <span class='ocrx_word' id='word_1_195' title='bbox 472 3004 717 3082; x_wconf 89' lang='lat' dir='ltr'><strong>mulcet,</strong></span> <span class='ocrx_word' id='word_1_196' title='bbox 747 3004 911 3067; x_wconf 84' lang='lat' dir='ltr'><strong>falsis</strong></span> <span class='ocrx_word' id='word_1_197' title='bbox 940 3004 1267 3067; x_wconf 86' lang='lat' dir='ltr'><strong>terroribus</strong></span> <span class='ocrx_word' id='word_1_198' title='bbox 1296 3004 1527 3087; x_wconf 88' lang='lat' dir='ltr'><strong>implet,</strong></span> 
     </span>
    </p>

    <p class='ocr_par' dir='ltr' id='par_1_7' title="bbox 198 3088 1943 3345">
     <span class='ocr_line' id='line_1_32' title="bbox 198 3088 1943 3173; baseline 0 -20"><span class='ocrx_word' id='word_1_199' title='bbox 198 3089 298 3153; x_wconf 86' lang='lat' dir='ltr'><strong>Ut</strong></span> <span class='ocrx_word' id='word_1_200' title='bbox 326 3110 564 3173; x_wconf 86' lang='lat' dir='ltr'><strong>magus,</strong></span> <span class='ocrx_word' id='word_1_201' title='bbox 596 3096 659 3153; x_wconf 87' lang='lat' dir='ltr'><strong>et</strong></span> <span class='ocrx_word' id='word_1_202' title='bbox 686 3088 860 3151; x_wconf 90' lang='lat' dir='ltr'><strong>modo</strong></span> <span class='ocrx_word' id='word_1_203' title='bbox 887 3108 983 3151; x_wconf 88' lang='lat' dir='ltr'><strong>me</strong></span> <span class='ocrx_word' id='word_1_204' title='bbox 1017 3088 1438 3166; x_wconf 77' lang='lat' dir='ltr'><strong>Thebis,modo</strong></span> <span class='ocrx_word' id='word_1_205' title='bbox 1469 3089 1635 3173; x_wconf 88' lang='lat' dir='ltr'><strong>ponit</strong></span> <span class='ocrx_word' id='word_1_206' title='bbox 1666 3089 1943 3154; x_wconf 78' lang='lat' dir='ltr'><strong>Athenis·</strong></span> 
     </span>
     <span class='ocr_line' id='line_1_33' title="bbox 200 3174 1916 3259; baseline 0.001 -21"><span class='ocrx_word' id='word_1_207' title='bbox 200 3174 448 3238; x_wconf 90' lang='lat' dir='ltr'><strong>Verum</strong></span> <span class='ocrx_word' id='word_1_208' title='bbox 492 3194 608 3258; x_wconf 86' lang='lat' dir='ltr'><strong>age</strong></span> <span class='ocrx_word' id='word_1_209' title='bbox 653 3180 718 3237; x_wconf 90' lang='lat' dir='ltr'><strong>et</strong></span> <span class='ocrx_word' id='word_1_210' title='bbox 759 3174 853 3238; x_wconf 89' lang='lat' dir='ltr'><strong>his</strong></span> <span class='ocrx_word' id='word_1_211' title='bbox 897 3174 1002 3259; x_wconf 90' lang='lat' dir='ltr'><strong>qui</strong></span> <span class='ocrx_word' id='word_1_212' title='bbox 1044 3196 1110 3238; x_wconf 87' lang='lat' dir='ltr'><strong>se</strong></span> <span class='ocrx_word' id='word_1_213' title='bbox 1154 3175 1367 3239; x_wconf 89' lang='lat' dir='ltr'><strong>lectori</strong></span> <span class='ocrx_word' id='word_1_214' title='bbox 1407 3175 1656 3239; x_wconf 86' lang='lat' dir='ltr'><strong>credere</strong></span> <span class='ocrx_word' id='word_1_215' title='bbox 1684 3177 1916 3240; x_wconf 68' lang='lat' dir='ltr'><strong>malunt</strong></span> 
     </span>
     <span class='ocr_line' id='line_1_34' title="bbox 203 3258 1518 3345; baseline 0 -22"><span class='ocrx_word' id='word_1_216' title='bbox 203 3260 405 3334; x_wconf 83' lang='lat' dir='ltr'><strong>Quam</strong></span> <span class='ocrx_word' id='word_1_217' title='bbox 436 3258 787 3345; x_wconf 82' lang='lat' dir='ltr'><strong>spectatoris</strong></span> <span class='ocrx_word' id='word_1_218' title='bbox 814 3260 1057 3323; x_wconf 83' lang='lat' dir='ltr'><strong>fastidia</strong></span> <span class='ocrx_word' id='word_1_219' title='bbox 1083 3261 1242 3323; x_wconf 88' lang='lat' dir='ltr'><strong>ferre</strong></span> <span class='ocrx_word' id='word_1_220' title='bbox 1276 3262 1518 3345; x_wconf 88' lang='lat' dir='ltr'><strong>superbi</strong></span> 
     </span>
    </p>

    <p class='ocr_par' dir='ltr' id='par_1_8' title="bbox 202 3346 1862 3515">
     <span class='ocr_line' id='line_1_35' title="bbox 204 3346 1862 3431; baseline 0.001 -22"><span class='ocrx_word' id='word_1_221' title='bbox 204 3346 435 3409; x_wconf 86' lang='lat' dir='ltr'><strong>Curam</strong></span> <span class='ocrx_word' id='word_1_222' title='bbox 462 3346 650 3409; x_wconf 90' lang='lat' dir='ltr'><strong>redde</strong></span> <span class='ocrx_word' id='word_1_223' title='bbox 679 3347 946 3423; x_wconf 88' lang='lat' dir='ltr'><strong>brevem,</strong></span> <span class='ocrx_word' id='word_1_224' title='bbox 976 3346 1027 3409; x_wconf 90' lang='lat' dir='ltr'><strong>si</strong></span> <span class='ocrx_word' id='word_1_225' title='bbox 1055 3366 1271 3409; x_wconf 90' lang='lat' dir='ltr'><strong>munus</strong></span> <span class='ocrx_word' id='word_1_226' title='bbox 1300 3346 1582 3430; x_wconf 89' lang='lat' dir='ltr'><strong>Apolline</strong></span> <span class='ocrx_word' id='word_1_227' title='bbox 1613 3347 1862 3431; x_wconf 88' lang='lat' dir='ltr'><strong>dignum</strong></span> 
     </span>
     <span class='ocr_line' id='line_1_36' title="bbox 202 3430 1710 3515; baseline 0.001 -21"><span class='ocrx_word' id='word_1_228' title='bbox 202 3431 321 3495; x_wconf 80' lang='lat' dir='ltr'><strong>Vis</strong></span> <span class='ocrx_word' id='word_1_229' title='bbox 352 3432 649 3515; x_wconf 88' lang='lat' dir='ltr'><strong>complere</strong></span> <span class='ocrx_word' id='word_1_230' title='bbox 679 3432 843 3494; x_wconf 89' lang='lat' dir='ltr'><strong>libris</strong></span> <span class='ocrx_word' id='word_1_231' title='bbox 875 3438 937 3495; x_wconf 89' lang='lat' dir='ltr'><strong>et</strong></span> <span class='ocrx_word' id='word_1_232' title='bbox 964 3432 1203 3495; x_wconf 84' lang='lat' dir='ltr'><strong>vatibus</strong></span> <span class='ocrx_word' id='word_1_233' title='bbox 1234 3430 1458 3496; x_wconf 89' lang='lat' dir='ltr'><strong>addere</strong></span> <span class='ocrx_word' id='word_1_234' title='bbox 1490 3434 1710 3513; x_wconf 85' lang='lat' dir='ltr'><strong>calcar,</strong></span> 
     </span>
    </p>

    <p class='ocr_par' dir='ltr' id='par_1_9' title="bbox 204 3516 1687 3601">
     <span class='ocr_line' id='line_1_37' title="bbox 204 3516 1687 3601; baseline 0.001 -22"><span class='ocrx_word' id='word_1_235' title='bbox 204 3516 297 3579; x_wconf 89' lang='lat' dir='ltr'><strong>Ut</strong></span> <span class='ocrx_word' id='word_1_236' title='bbox 328 3517 524 3580; x_wconf 90' lang='lat' dir='ltr'><strong>studio</strong></span> <span class='ocrx_word' id='word_1_237' title='bbox 554 3518 777 3601; x_wconf 85' lang='lat' dir='ltr'><strong>majore</strong></span> <span class='ocrx_word' id='word_1_238' title='bbox 806 3525 1017 3600; x_wconf 89' lang='lat' dir='ltr'><strong>petant</strong></span> <span class='ocrx_word' id='word_1_239' title='bbox 1048 3518 1346 3581; x_wconf 90' lang='lat' dir='ltr'><strong>Helicona</strong></span> <span class='ocrx_word' id='word_1_240' title='bbox 1375 3520 1687 3583; x_wconf 80' lang='lat' dir='ltr'><strong>virentem.</strong></span> 
     </span>
    </p>

    <p class='ocr_par' dir='ltr' id='par_1_10' title="bbox 204 3602 1923 3951">
     <span class='ocr_line' id='line_1_38' title="bbox 204 3602 1820 3691; baseline 0.002 -26"><span class='ocrx_word' id='word_1_241' title='bbox 204 3602 405 3671; x_wconf 81' lang='lat' dir='ltr'><strong>Multa</strong></span> <span class='ocrx_word' id='word_1_242' title='bbox 433 3603 675 3691; x_wconf 87' lang='lat' dir='ltr'><strong>quidem</strong></span> <span class='ocrx_word' id='word_1_243' title='bbox 704 3604 871 3666; x_wconf 88' lang='lat' dir='ltr'><strong>nobis</strong></span> <span class='ocrx_word' id='word_1_244' title='bbox 900 3604 1151 3667; x_wconf 86' lang='lat' dir='ltr'><strong>facimus</strong></span> <span class='ocrx_word' id='word_1_245' title='bbox 1180 3606 1337 3667; x_wconf 88' lang='lat' dir='ltr'><strong>mala</strong></span> <span class='ocrx_word' id='word_1_246' title='bbox 1366 3626 1546 3688; x_wconf 89' lang='lat' dir='ltr'><strong>saepe</strong></span> <span class='ocrx_word' id='word_1_247' title='bbox 1579 3606 1820 3688; x_wconf 62' lang='lat' dir='ltr'><strong>poetae,</strong></span> 
     </span>
     <span class='ocr_line' id='line_1_39' title="bbox 214 3688 1923 3772; baseline 0 -17"><span class='ocrx_word' id='word_1_248' title='bbox 214 3688 348 3755; x_wconf 88' lang='lat' dir='ltr'><strong>(Ut</strong></span> <span class='ocrx_word' id='word_1_249' title='bbox 378 3688 581 3751; x_wconf 87' lang='lat' dir='ltr'><strong>vineta</strong></span> <span class='ocrx_word' id='word_1_250' title='bbox 611 3697 855 3772; x_wconf 86' lang='lat' dir='ltr'><strong>egomet</strong></span> <span class='ocrx_word' id='word_1_251' title='bbox 884 3689 1136 3757; x_wconf 88' lang='lat' dir='ltr'><strong>caedam</strong></span> <span class='ocrx_word' id='word_1_252' title='bbox 1167 3692 1365 3772; x_wconf 86' lang='lat' dir='ltr'><strong>mea,)</strong></span> <span class='ocrx_word' id='word_1_253' title='bbox 1394 3712 1533 3754; x_wconf 91' lang='lat' dir='ltr'><strong>cum</strong></span> <span class='ocrx_word' id='word_1_254' title='bbox 1565 3691 1673 3754; x_wconf 89' lang='lat' dir='ltr'><strong>tibi</strong></span> <span class='ocrx_word' id='word_1_255' title='bbox 1702 3692 1923 3755; x_wconf 89' lang='lat' dir='ltr'><strong>librum</strong></span> 
     </span>
     <span class='ocr_line' id='line_1_40' title="bbox 211 3774 1870 3857; baseline 0.002 -21"><span class='ocrx_word' id='word_1_256' title='bbox 211 3774 476 3842; x_wconf 86' lang='lat' dir='ltr'><strong>Sollicito</strong></span> <span class='ocrx_word' id='word_1_257' title='bbox 505 3774 717 3841; x_wconf 85' lang='lat' dir='ltr'><strong>damus</strong></span> <span class='ocrx_word' id='word_1_258' title='bbox 748 3781 854 3837; x_wconf 88' lang='lat' dir='ltr'><strong>aut</strong></span> <span class='ocrx_word' id='word_1_259' title='bbox 881 3776 1038 3838; x_wconf 88' lang='lat' dir='ltr'><strong>fesso</strong></span> <span class='ocrx_word' id='word_1_260' title='bbox 1066 3795 1081 3851; x_wconf 82' lang='lat'><em>3</em></span> <span class='ocrx_word' id='word_1_261' title='bbox 1124 3796 1308 3857; x_wconf 90' lang='lat' dir='ltr'><strong>quum</strong></span> <span class='ocrx_word' id='word_1_262' title='bbox 1337 3776 1632 3839; x_wconf 89' lang='lat' dir='ltr'><strong>laedimur</strong></span> <span class='ocrx_word' id='word_1_263' title='bbox 1684 3796 1870 3839; x_wconf 90' lang='lat' dir='ltr'><strong>unum</strong></span> 
     </span>
     <span class='ocr_line' id='line_1_41' title="bbox 210 3858 1918 3951; baseline 0.002 -28"><span class='ocrx_word' id='word_1_264' title='bbox 210 3858 277 3927; x_wconf 81' lang='lat' dir='ltr'><strong>Si</strong></span> <span class='ocrx_word' id='word_1_265' title='bbox 306 3861 439 3951; x_wconf 85' lang='lat' dir='ltr'><strong>quis</strong></span> <span class='ocrx_word' id='word_1_266' title='bbox 468 3861 797 3929; x_wconf 83' lang='lat' dir='ltr'><strong>amicorum</strong></span> <span class='ocrx_word' id='word_1_267' title='bbox 826 3869 921 3927; x_wconf 86' lang='lat' dir='ltr'><strong>est</strong></span> <span class='ocrx_word' id='word_1_268' title='bbox 950 3882 1129 3925; x_wconf 87' lang='lat' dir='ltr'><strong>ausus</strong></span> <span class='ocrx_word' id='word_1_269' title='bbox 1160 3861 1603 3947; x_wconf 86' lang='lat' dir='ltr'><strong>reprehendere</strong></span> <span class='ocrx_word' id='word_1_270' title='bbox 1633 3882 1874 3927; x_wconf 86' lang='lat' dir='ltr'><strong>versum</strong></span> <span class='ocrx_word' id='word_1_271' title='bbox 1898 3882 1918 3944; x_wconf 81' lang='lat'>3</span> 
     </span>
    </p>
   </div>
   <div class='ocr_carea' id='block_1_4' title="bbox 2073 334 2295 407">
    <p class='ocr_par' dir='ltr' id='par_1_11' title="bbox 2073 334 2295 407">
     <span class='ocr_line' id='line_1_42' title="bbox 2073 334 2295 407; baseline 0 -1"><span class='ocrx_word' id='word_1_272' title='bbox 2073 334 2080 339; x_wconf 43' lang='lat'><strong><em>⁹</em></strong></span> <span class='ocrx_word' id='word_1_273' title='bbox 2170 342 2295 407; x_wconf 83' lang='lat'><strong>215</strong></span> 
     </span>
    </p>
   </div>
   <div class='ocr_carea' id='block_1_5' title="bbox 2200 705 2293 753">
    <p class='ocr_par' dir='ltr' id='par_1_12' title="bbox 2200 705 2293 753">
     <span class='ocr_line' id='line_1_43' title="bbox 2200 705 2293 753; baseline 0.011 -1"><span class='ocrx_word' id='word_1_274' title='bbox 2200 705 2293 753; x_wconf 80' lang='lat'><strong>185</strong></span> 
     </span>
    </p>
   </div>
   <div class='ocr_carea' id='block_1_6' title="bbox 2200 1132 2292 1180">
    <p class='ocr_par' dir='ltr' id='par_1_13' title="bbox 2200 1132 2292 1180">
     <span class='ocr_line' id='line_1_44' title="bbox 2200 1132 2292 1180; baseline 0 0"><span class='ocrx_word' id='word_1_275' title='bbox 2200 1132 2292 1180; x_wconf 85' lang='lat'><strong>190</strong></span> 
     </span>
    </p>
   </div>
   <div class='ocr_carea' id='block_1_7' title="bbox 2196 1560 2290 1611">
    <p class='ocr_par' dir='ltr' id='par_1_14' title="bbox 2196 1560 2290 1611">
     <span class='ocr_line' id='line_1_45' title="bbox 2196 1560 2290 1611; baseline 0.021 -2"><span class='ocrx_word' id='word_1_276' title='bbox 2196 1560 2290 1611; x_wconf 82' lang='lat'><strong>195</strong></span> 
     </span>
    </p>
   </div>
   <div class='ocr_carea' id='block_1_8' title="bbox 2191 2854 2287 2904">
    <p class='ocr_par' dir='ltr' id='par_1_15' title="bbox 2191 2854 2287 2904">
     <span class='ocr_line' id='line_1_46' title="bbox 2191 2854 2287 2904; baseline 0.01 -1"><span class='ocrx_word' id='word_1_277' title='bbox 2191 2854 2287 2904; x_wconf 80' lang='lat'><strong>210</strong></span> 
     </span>
    </p>
   </div>
   <div class='ocr_carea' id='block_1_9' title="bbox 2193 3278 2288 3328">
    <p class='ocr_par' dir='ltr' id='par_1_16' title="bbox 2193 3278 2288 3328">
     <span class='ocr_line' id='line_1_47' title="bbox 2193 3278 2288 3328; baseline 0 -1"><span class='ocrx_word' id='word_1_278' title='bbox 2193 3278 2288 3328; x_wconf 77' lang='lat'><strong>215</strong></span> 
     </span>
    </p>
   </div>
  </div>
 </body>
</html>
