2742 4417
418 326 546 388 184
1232 338 1678 385 EPISTOLARUM

413 494 478 556 A
508 498 781 577 praetore
813 491 960 571 dati,
991 513 1192 555 rerum
1222 492 1417 555 tutela
1455 513 1724 554 mearum

417 578 571 652 Cum
602 578 680 640 sis
713 586 775 640 et
804 599 985 660 prave
1018 586 1248 639 sectum
1280 578 1667 641 stomacheris
1698 578 1771 639 ob
1802 600 2068 661 unguem

290 714 297 721 .
415 664 512 728 De
546 671 603 726 te
637 664 975 747 pendentiS‚
1009 671 1067 727 te
1102 664 1474 746 respicientis
1505 663 1700 726 amici.
2408 686 2507 735 1oe

503 750 608 812 Ad.
638 754 963 811 summam:
1012 750 1249 831 sapiens
1279 750 1618 812 uno.minor
1648 756 1741 811 est
1767 749 1947 828 Jove,
1978 749 2171 831 diveS‚⁴

416 834 621 913 Liber,
652 836 997 913 honoratus,
1028 835 1302 917 pulcher,
1333 856 1443 897 rex
1473 835 1732 917 denique
1763 856 2013 919 regum3

416 920 754 1003 Praecipue
786 941 988 999 sanuS,
1018 920 1132 983 nisi
1162 941 1297 983 cum
1330 920 1548 1004 pituita
1579 922 1828 985 molesta
1869 927 1984 985 est.

1056 1291 1641 1409 E‘P'IsrroLA
1729 1344 1863 1410 11.

420 1517 711 1580 TROJANI
738 1515 880 1579 belli
910 1516 1281 1598 scriptorem,
1313 1516 1569 1579 maxime
1601 1516 1778 1595 Lolli,

414 1602 579 1666 Dum
607 1610 677 1666 tu
705 1603 1005 1665 declamas
1034 1602 1265 1665 Romae
1320 1599 1652 1665 Praeneste
1689 1603 1919 1686 relegi3

416 1688 534 1761 Qui
587 1688 729 1771 quid
759 1689 838 1751 sit
866 1688 1203 1771 pulchrum,
1236 1687 1382 1769 quid
1415 1694 1612 1769 turpe,
1645 1689 1787 1772 quid
1817 1690 1986 1767 utile,
2017 1688 2162 1771 quid
2191 1712 2358 1775 non„

414 1774 663 1836 Planius
694 1795 763 1837 ac
794 1774 1005 1836 melius
1037 1773 1373 1855 Chrysippo
1405 1780 1468 1836 et
1500 1772 1794 1853 Crantore
1825 1774 1990 1837 dicit.
2118 1804 2128 1815 ·

416 1859 543 1922 Cur
570 1859 1067 1937 ita·crediderim,
1096 1859 1210 1921 nisi
1241 1858 1386 1940 quid
1415 1866 1474 1921 te
1508 1859 1738 1937 detinet
1789 1860 1951 1923 audi.
2337 1896 2343 1899 -
2461 1883 2496 1929 ε

412 1940 645 2005 Fabula
675 1964 797 2025 qua
828 1943 1067 2005 Paridis
1098 1952 1345 2026 propter
1375 1952 1661 2008 narratur
1691 1967 1959 2011 amorem
2119 1956 2123 1959 ’

414 2026 673 2089 Graecia
702 2028 1032 2090 Barbariae
1062 2028 1224 2090 lento
1256 2028 1460 2090 collisa
1489 2028 1686 2092 duello

414 2110 746 2175 Stultorum
776 2134 988 2194 regum
1020 2120 1081 2175 et
1112 2114 1462 2195 populorum
1493 2116 1755 2177 continet
1785 2123 2007 2179 aestus.

408 2198 687 2261 Antenor
717 2206 924 2261 censet
956 2192 1095 2261 belli
1126 2198 1472 2281 praecidere
1507 2220 1813 2263 caussam:

410 2281 571 2355 Quid
604 2284 773 2346 Paris
798 2282 823 2346 ‘2
912 2284 1002 2347 Ut
1030 2285 1227 2347 salvus
1259 2292 1472 2366 regnet
1503 2285 1782 2369 vivatque
1811 2287 2024 2351 beatus
2427 2308 2493 2357 ιο·

412 2366 560 2451 Cogi
590 2390 762 2452 posse
791 2376 998 2452 negat.
1090 2370 1315 2436 Nestor
1344 2391 1698 2452 componere
1727 2373 1864 2435 lites

407 2454 581 2517 Inter
610 2455 861 2518 Peliden
892 2455 1138 2519 festinat
1166 2462 1227 2518 et
1255 2456 1415 2519 inter
1443 2457 1742 2519 Atrident

406 2539 591 2603 Hunc
622 2562 809 2617 amor,
839 2541 930 2603 ira
960 2541 1201 2624 quidem
1232 2542 1624 2605 communiter
1651 2544 1775 2605 urit
1809 2548 2154 2627 utrumque.

408 2624 708 2708 Quidquid
740 2626 997 2689 delirant
1025 2648 1201 2709 reges
1255 2628 1605 2710 plectuntur
1635 2628 1879 2692 Achivi.
2193 2692 2204 2701 ,

410 2709 739 2789 Seditione‚
771 2712 939 2790 dolis,
970 2713 1196 2775 scelere
1228 2720 1410 2796 atquo
1441 2713 1684 2777 libidine
1717 2722 1779 2777 et
1807 2715 1899 2777 ira
2424 2735 2486 2785 15

404 2795 622 2859 Iliacos
652 2798 811 2859 intra
839 2819 1037 2861 muros
1068 2804 1356 2882 peccatur
1383 2805 1445 2860 et
1477 2806 1667 2862 extra.
2249 2812 2258 2819 ’

403 2882 639 2945 Rursus
694 2883 838 2965 quid
869 2884 1057 2946 virtus
1088 2894 1149 2945 et
1179 2884 1324 2966 quid
1355 2884 1650 2967 sapientia
1679 2884 1868 2968 possit

404 2966 573 3030 Utile
605 2969 909 3051 proposuit
938 2970 1104 3031 nobis
1130 2970 1435 3053 exemplar
1464 2970 1711 3051 Ulixen,

405 3052 523 3125 Qui
554 3054 806 3116 domitor
836 3054 1049 3136 Trojae
1080 3056 1399 3117 multorum
1429 3056 1709 3139 providus
1738 3056 1919 3119 urbes

404 3137 487 3205 Et
514 3162 710 3202 mores
739 3140 1039 3201 hominum
1068 3139 1346 3221 inspexit,
1377 3141 1683 3224 latumque
1715 3162 1825 3224 per
1855 3156 2100 3224 aequor,
2419 3162 2484 3215 20

402 3224 565 3288 Dum
596 3225 704 3287 sibi
759 3224 901 3285 dum
931 3225 1102 3287 sociis
1133 3226 1389 3288 reditum
1423 3233 1618 3309 parat,
1649 3247 1862 3309 aspera
1890 3228 2080 3291 multa

401 3310 665 3373 Pertulit
717 3310 983 3374 adversis
1014 3332 1214 3372 rerum
1241 3312 1652 3374 immersabilis
1681 3313 1878 3375 undis·

405 3394 683 3458 Sirenum
714 3416 889 3457 voces
921 3402 983 3457 et
1015 3394 1226 3458 Circae
1259 3398 1474 3479 pocula
1507 3397 1664 3459 nosti
1690 3417 1707 3473 ;
1817 3452 1822 3457 .

402 3480 572 3553 Quae
603 3481 653 3543 si
684 3500 817 3542 cum
850 3481 1022 3542 sociis
1052 3482 1270 3543 stultus
1300 3481 1671 3565 cupidusque
1703 3483 1972 3564 bibisset,

404 3564 530 3629 Sub
562 3566 797 3629 domina
827 3566 1141 3629 meretrice
1172 3567 1386 3635 fuisset
1415 3568 1606 3650 turpis
1637 3576 1700 3631 et
1727 3590 1960 3649 excom,
2417 3591 2482 3641 25

297 3688 299 3691 >
399 3650 671 3715 Vixisset
701 3652 863 3714 canis
894 3652 1229 3716 immundus
1262 3654 1358 3715 vel
1386 3654 1578 3717 amica
1605 3655 1730 3719 luto
1761 3676 1882 3717 sus.

399 3737 530 3801 Nos
561 3759 844 3800 numerus
876 3759 1079 3800 sumus
1110 3746 1171 3799 et
1199 3738 1408 3820 fruges
1438 3760 1787 3803 consumere
1817 3740 1966 3822 nati,

403 3822 618 3907 Sponsi
648 3824 1009 3907 Penelopae,
1038 3824 1384 3903 nebulones,
1416 3825 1773 3908 Alcinoique
