2742 4417
439 353 570 419 128
624 373 648 393 ·
854 420 864 429 ,
990 362 1004 375 ·
1289 369 1661 419 sAmRARm
1725 409 1730 414 .

440 526 706 591 Nomina
735 530 1006 589 sectatur
1031 525 1208 589 mod'o
1239 532 1482 611 sumpta
1512 533 1681 589 veste
1714 526 1869 589 virili

444 612 570 676 Sub
602 612 872 697 patribus
904 612 1069 675 duris
1101 613 1395 675 tironum·
1470 612 1925 696 Maxime‚·quis
1954 636 2103 695 non,

439 700 484 763 J
489 698 756 783 uppiter!
806 700 1101 783 exclamat
1131 700 1303 761 simul
1336 707 1517 783 atque
1550 698 1827 762 audivit?
1916 700 2008 764 At
2036 702 2098 764 in
2129 723 2196 765 sc

441 786 561 849 Pro
593 792 850 869 quaestu
881 792 1181 867 sumptum
1213 786 1362 848 facit
1390 786 1511 849 hic.
1600 785 1727 847 Vix
1757 786 2009 850 credere
2040 790 2229 871 possis

441 872 635 945 Quam
667 872 776 934 sibi
807 893 925 933 non
953 871 1034 969 sit
1063 872 1312 950 amicus,
1343 872 1429 934 ita
1458 882 1527 933 ut
1556 880 1731 955 pater
1757 873 1858 935 ine
1890 872 2139 937 Terenti

439 959 672 1021 Fabula
702 979 882 1040 quem
913 978 1196 1019 mxserum
1228 966 1413 1039 gnato
1444 958 1660 1021 vixisse
1690 958 1905 1040 fugato

438 1045 684 1107 Inducit
713 1066 832 1107 non
863 1064 926 1105 se
959 1044 1130 1127 pejus
1163 1045 1527 1106 cruciaverit
1556 1052 1737 1127 atque
1768 1046 1886 1107 hic.

442 1130 672 1213 Siquis
702 1151 861 1192 nunc
893 1138 1170 1211 quaerat,
1203 1128 1337 1202 Quo
1367 1152 1465 1193 res
1495 1131 1645 1192 haec
1679 1130 1989 1213 pertinet?
2034 1133 2215 1197 illuc:

437 1216 601 1280 Dum
636 1217 826 1278 vitant
858 1216 1025 1277 stulti
1059 1216 1205 1277 vitia.
1231 1217 1292 1277 in
1323 1218 1623 1279 contraria
1654 1226 1923 1279 currunt.

436 1302 730 1365 Maltinus
763 1298 983 1364 tunicis
1010 1302 1282 1364 demissis
1313 1303 1581 1365 ambulat
1605 1321 1623 1377 ;
1670 1310 1763 1365 est
1794 1304 1899 1385 qui

435 1388 678 1471 Inguen
708 1387 784 1449 ad
816 1388 1174 1449 obscoenum
1207 1389 1522 1457 subductis
1547 1409 1739 1471 usque
1770 1388 2050 1467 facetus;

437 1474 719 1539 Pastillos
751 1474 1010 1537 Rufillus
1038 1474 1180 1553 olet,
1215 1474 1555 1557 Gai-genius
1585 1475 1838 1537 hircum..

435 1561 499 1624 N
503 1561 543 1623 il
573 1560 835 1622 medium
867 1568 980 1622 est.
1077 1559 1234 1622 Sunt
1265 1562 1368 1643 qui-
1400 1563 1589 1623 nolint
1620 1562 1889 1642 tetigisse
1920 1562 2037 1624 nisi
2063 1562 2202 1627 illas

437 1647 705 1719 Quarum
738 1646 987 1707 subsuta
1018 1647 1174 1708 talos
1201 1654 1372 1729 tegat
1402 1648 1609 1709 instita
1638 1656 1806 1710 veste
1835 1666 1851 1723 3

437 1732 663 1795 Contra
693 1733 844 1795 alius
874 1734 1097 1793 nullam
1129 1732 1241 1793 nisi
1274 1735 1461 1795 olenti
1486 1735 1549 1795 in
1578 1734 1807 1795 fornice
1838 1740 2117 1796 stantem.

436 1818 695 1891 Quidam
725 1826 900 1880 notus
932 1819 1105 1880 homo
1137 1839 1272 1880 cum
1305 1820 1499 1881 exiret
1528 1820 1779 1897 fornice,
1810 1819 2073 1883 “Macte

434 1904 681 1967 Virtute
715 1904 908 1981 est0‚'’
943 1904 1138 1987 inquit
1167 1907 1467 1968 sententia
1496 1906 1597 1967 dia
1628 1904 1891 1968 Catonis.

432 1990 595 2053 Nam
627 1992 800 2052 simul
831 2012 901 2052 ac
935 2012 1120 2052 venas
1149 1992 1379 2053 inflavit
1412 2002 1569 2054 tetra
1600 1992 1781 2053 libido

433 2076 576 2139 Huc
598 2078 857 2159 juvenes
889 2098 1147 2159 aequum
1181 2087 1275 2139 est
1305 2078 1698 2155 descendere,
1728 2100 1847 2139 non
1880 2078 2111 2141 alienas

433 2162 778 2225 Permolere
810 2184 1043 2225 uxores.
1137 2168 1174 2198 “
1201 2162 1402 2225 Nolim
1437 2164 1805 2242 lauda1·ier‚’'
1836 2164 2055 2247 inquit,

433 2254 473 2284 “
497 2247 609 2335 ,Sic
641 2248 802 2328 me‚'’
838 2249 1086 2311 mirator
1116 2250 1296 2312 cunni
1330 2248 1700 2333 Cupiennius
1732 2249 1871 2329 albi.

431 2334 672 2397 Audire
704 2342 797 2397 est
827 2356 1044 2418 operae
1077 2336 1357 2418 pretium,
1391 2336 1719 2418 procedere
1752 2348 1919 2414 recte

433 2420 551 2494 Qui
581 2421 858 2483 moechos
890 2443 1006 2483 non
1041 2422 1240 2500 vultis,
1272 2430 1341 2483 ut
1373 2422 1531 2485 omni
1564 2430 1734 2505 parte
1766 2418 2083 2499 laborent}

429 2506 644 2591 thue
673 2508 790 2569 illis
820 2508 1008 2587 multo
1039 2515 1323 2590 corrupta
1354 2508 1557 2571 dolore
1590 2510 1887 2590 volume-S,

430 2596 640 2677 Atque
672 2595 820 2655 hacc
853 2616 1013 2671 rara,
1046 2594 1224 2656 cadat
1255 2595 1409 2657 dura
1438 2595 1596 2656 inter
1625 2615 1806 2675 saepe
1838 2593 2083 2677 pericla.

428 2680 551 2743 Hic
583 2702 648 2742 se
679 2679 1068 2763 praecipitem
1103 2690 1262 2747 tecto
1293 2680 1501 2756 dedit3
1547 2681 1644 2742 ille
1676 2680 1929 2761 flagellis

428 2766 532 2827 Ad
565 2776 816 2827 mortem
851 2786 1064 2828 caesus
1093 2787 1108 2842 3
1155 2767 1395 2849 fugiens
1424 2768 1523 2829 hie
1555 2766 1785 2829 decidit
1816 2786 2019 2828 acrem

429 2851 813 2915 Praedonum
843 2852 902 2912 in
937 2853 1206 2927 turbam3
1254 2852 1423 2914 dedit
1453 2853 1550 2915 hic
1583 2874 1687 2935 pro
1722 2873 1969 2933 corpore
2001 2870 2305 2929 nummos;

429 2938 612 3001 Hunc
647 2938 1100 3021 perminxerunt
1131 2940 1410 3014 calones3
1459 2940 1602 3021 quin
1636 2938 1817 3001 etiam
1853 2938 2003 3001 illud

427 3024 696 3103 Accidit,
729 3033 796 3085 ut
827 3022 1068 3105 quidam
1104 3032 1288 3086 testes
1319 3024 1694 3107 caudamque
1726 3024 1987 3086 salacem
2082 3044 2087 3049 ·
2150 3054 2159 3064 ·

427 3110 783 3174 Demeteret
812 3111 991 3171 ferro.
1081 3109 1126 3171 J
1130 3132 1237 3172 ure
1270 3132 1475 3173 omnes
1501 3130 1519 3187 ;
1567 3111 1761 3175 Galba
1792 3111 2072 3193 negabat.

427 3196 640 3259 Tutior
671 3204 734 3259 at
765 3202 988 3279 quanto
1018 3216 1186 3257 merx
1217 3204 1310 3259 est
1339 3197 1402 3258 in
1434 3198 1623 3260 classe
1655 3198 1944 3278 secunda,

428 3281 874 3345 Libertinarum
905 3281 1060 3359 dice,
1095 3280 1417 3345 Sallustius
1446 3284 1509 3345 in
1540 3304 1690 3366 quas
1790 3308 1792 3311 ⁴

427 3368 570 3431 Non
599 3369 795 3430 minus
826 3368 1047 3429 insanit
1077 3390 1258 3451 quam
1289 3370 1391 3452 qui
1421 3370 1787 3450 moechatur.
1878 3370 1969 3432 At
1997 3368 2093 3431 hic
2124 3369 2174 3431 si

429 3453 568 3526 Qua
595 3475 715 3533 resa,
747 3476 868 3538 qua
897 3455 1048 3516 ratio
1078 3456 1386 3533 suaderet,
1418 3477 1657 3538 quaque
1688 3456 1959 3518 modeste

427 3540 719 3603 Munifico
751 3562 882 3603 esse
916 3541 1080 3619 licet,
1104 3543 1288 3603 vellet
1315 3542 1507 3603 bonus
1538 3551 1721 3625 atque
1753 3542 2051 3624 benignus

367 3624 376 3633 '
429 3626 606 3704 Esse,
638 3628 814 3690 daret
843 3634 1137 3709 quantum
1168 3629 1314 3690 satis
1345 3635 1509 3690 esset
1539 3649 1649 3690 nec
1682 3628 1795 3689 sibi
1826 3628 2044 3690 damno

428 3712 852 3796 Dedecorique
884 3714 1060 3775 foret.
1153 3714 1528 3779 Verumhoc
1562 3714 2045 3797 seamplectitur
2073 3734 2217 3792 une,

428 3798 568 3863 Hoc
600 3806 762 3862 amat
787 3807 855 3883 et
884 3800 1130 3861 laudat:
1178 3805 1218 3835 “
1236 3799 1580 3862 Matronam
1611 3800 1837 3861 nullam
1868 3821 1981 3883 ego
2012 3798 2259 3883 tango?

429 3884 522 3951 Ut
549 3886 850 3969 quondam
883 3884 1487 3966 Marsaeus„-amator
1520 3885 1787 3969 Originis
1817 3886 1943 3967 ille,

2458 2616 2526 2663 4⁰
