2742 4417
921 294 1048 341 Lm.
1094 294 1138 341 1.
1187 293 1318 342 ΒΜ.
1365 294 1439 341 11.
1759 343 1769 353 ,
2098 282 2225 374 1029

149 450 259 525 Qui
285 451 537 535 patrium
569 449 784 513 mimae
818 450 1003 513 donat
1032 451 1407 535 fundumque
1438 451 1767 535 laremque,
1813 473 1819 479 ·

146 543 185 576 ‘⁴
205 539 298 601 Nil
327 539 508 602 fuerit
537 538 684 616 mi,''
719 538 938 621 inquit,
971 543 1009 575 ‘⁴
1032 559 1168 600 cum
1199 538 1485 600 uxoribus
1516 560 1783 621 unquam
1814 536 2093 603 alienis.’'

147 624 363 688 Verum
393 634 486 688 est-
519 647 659 688 cum
688 624 904 702 mimi-3,
938 631 1031 687 est
1061 645 1200 686 cum
1230 624 1669 703 meretricibuS,
1701 625 1862 688 unde

147 711 319 775 Fama
347 714 566 775 malum
600 712 844 793 gravius
875 732 1057 793 quam
1087 732 1185 772 res
1217 711 1419 772 trahit.
1510 712 1615 773 An
1649 712 1755 775 tibi
1786 710 2023 775 abunde

149 796 455 861 Personam
487 798 632 862 satis
664 804 778 873 est,
811 819 930 859 non
961 797 1108 858 illud
1141 797 1437 879 quidquid
1470 798 1689 881 ubique
1730 862 1737 867 ,
1778 823 1783 829 ·
2160 819 2225 868 60

151 883 332 947 officit
361 882 638 947 evitare?
729 884 963 945 Bonam
995 883 1329 965 deperdere
1363 885 1608 960 famam,

148 970 283 1033 Rem
315 971 499 1055 patris
531 971 840 1047 oblimare,
872 971 1094 1031 malum
1126 976 1220 1031 est
1250 968 1611 1052 ubicunque.
1705 970 1866 1044 Quid
1893 972 2055 1035 inter

150 1056 246 1119 Est
271 1060 331 1119 in
362 1065 662 1134 matrona,
691 1057 930 1134 ancilla,
965 1076 1258 1140 peccesne
1292 1055 1541 1139 togata?

149 1142 344 1207 Villius
375 1146 437 1205 in
469 1144 700 1205 Fausta
733 1142 938 1205 Sullae
972 1163 1183 1224 gener,
1213 1142 1326 1204 hoc
1358 1143 1535 1205 miser
1564 1164 1684 1206 uno

151 1228 382 1293 Nomine
417 1230 734 1313 deceptuS‚
768 1250 990 1312 poenas
1021 1228 1190 1291 dedit
1221 1250 1412 1311 usque
1444 1250 1745 1313 superque
2158 1250 2224 1300 65

151 1315 320 1387 Quam
350 1317 496 1380 satis
528 1325 644 1394 est,
675 1315 892 1398 pugnis
925 1336 1136 1377 caesus
1165 1315 1447 1397 ferroque
1480 1318 1725 1399 petituS,

148 1401 424 1465 Exclusus
455 1403 581 1465 fore
615 1424 752 1465 cum
783 1400 1178 1483 Longarenus
1211 1402 1367 1463 foret
1396 1402 1579 1465 intus.

145 1487 288 1551 Huic
319 1490 370 1551 si
401 1490 662 1551 mutonis
696 1488 892 1551 verbis
923 1488 1080 1549 mala
1112 1494 1280 1549 tanta
1304 1488 1562 1551 videntis

145 1572 375 1638 Diceret
405 1576 555 1637 haec
588 1578 856 1637 animus:
907 1579 947 1610 “
967 1574 1132 1647 Quid·
1159 1574 1247 1636 vis
1279 1572 1433 1636 tibi?
1480 1576 1771 1659 numquid
1802 1595 1915 1659 ego
1946 1596 1984 1639 a
2013 1581 2075 1641 te

145 1659 353 1744 Magno
384 1669 748 1745 prognatum
779 1660 1036 1743 deposco
1069 1661 1311 1723 consule
1345 1682 1607 1723 cunnum
2157 1682 2223 1733 ⁷0

145 1746 536 1831 Vela-tumque
569 1748 721 1810 stOIa
749 1768 887 1809 mea
917 1768 1053 1808 cum
1087 1747 1425 1809 conferbuit
1454 1749 1545 1810 ira
1566 1742 1591 1810 ⁶?
1610 1747 1649 1776 ''

68 1910 70 1913 y
146 1832 284 1906 Quid
315 1833 756 1917 responderet?
847 1839 886 1869 “
908 1832 1134 1915 Magno
1165 1841 1337 1915 patre
1369 1836 1744 1917 nata'puella
1774 1832 1933 1898 est.”

143 1920 220 1982 At
245 1921 748 2004 quanto.meliora
775 1927 980 1981 monet
1008 1920 1459 2003 pugnantiaque
1492 1920 1620 1984 istis

143 2005 312 2071 Dives
341 2008 471 2093 opis
503 2016 720 2071 natura
748 2027 916 2084 suae,
950 2014 1015 2068 tu
1045 2007 1097 2067 si
1128 2006 1301 2068 modo
1333 2016 1498 2069 recte

68 2144 70 2169 ;
145 2092 491 2177 Dispensat-e
527 2094 672 2155 velis
705 2104 774 2155 ac
805 2092 1246 2175 nonfugienda
1277 2094 1553 2175 petendis
2155 2110 2221 2160 75

68 2202 70 2229 ι
145 2177 490 2243 Immiscere.
583 2180 712 2242 Tuo
745 2180 888 2241 vit-io
917 2200 1200 2241 rerumne
1232 2180 1489 2258 laboreS,

147 2263 235 2327 Nil
265 2268 494 2329 referre
507 2265 738 2349 putas?
830 2265 1033 2339 Quare
1064 2288 1140 2327 ne
1176 2266 1481 2347 poeniteat
1510 2274 1571 2328 te

149 2349 350 2415 Desine
382 2362 688 2415 matronas
719 2353 1030 2435 sectarier,
1065 2352 1226 2414 unde
1257 2352 1477 2415 laboris
1758 2404 1763 2415 ,

149 2435 272 2499 Plus
300 2440 542 2501 haurire
577 2440 714 2501 mali
745 2448 838 2501 est
867 2459 1152 2521 quam-ex
1185 2460 1249 2501 re
1282 2438 1609 2522 decerpere
1641 2439 1893 2501 fructus-

150 2520 262 2587 Nec
291 2526 480 2607 magis
513 2526 652 2587 huic
684 2526 842 2603 inter
871 2526 1075 2586 niveos
1106 2524 1447 2609 viridesque
1479 2526 1709 2609 lapillos
2016 2529 2023 2533 ’
2154 2544 2218 2593 80
2254 2598 2259 2602 ,

153 2608 268 2688 (Sit
293 2612 435 2673 licet
464 2612 598 2687 hoc,
631 2610 940 2688 Cerinthe,
975 2612 1181 2692 tuum)
1219 2619 1497 2674 tenerum
1530 2619 1623 2674 est
1652 2612 1850 2674 femur
1880 2616 1986 2674 aut
2016 2630 2155 2674 crus

150 2694 396 2775 Rectius„
429 2708 612 2779 atque
645 2697 826 2759 etiam
856 2698 1070 2759 melius
1101 2718 1391 2781 persaepe
1425 2706 1665 2780 togatae
1699 2706 1809 2760 est.

148 2782 309 2846 Adde
338 2785 454 2846 huc
487 2784 940 2865 quodmercem
970 2784 1097 2845 sine
1131 2783 1284 2846 fucis
1317 2791 1539 2866 gestat,
1572 2791 1783 2867 aperte

151 2866 304 2938 Quod
334 2872 543 2932 venale
575 2870 758 2932 habet
788 2869 1071 2948 ostendit,
1103 2890 1215 2932 nec
1247 2871 1298 2932 si
1329 2870 1474 2953 quid
1505 2870 1741 2933 honesti
1770 2875 1864 2933 est

148 2952 336 3017 «Iactat
363 2957 666 3039 habetque
699 2958 918 3039 palam,
951 2957 1191 3039 quaerit
1221 2978 1338 3038 quo
1370 2957 1568 3039 turpia
1598 2958 1775 3019 celet.
2154 2976 2217 3023 85

150 3037 394 3123 Regibus
422 3043 518 3106 hic
552 3064 676 3105 mos
708 3050 837 3105 est:
886 3043 988 3105 ubi
1019 3063 1204 3125 equos
1234 3052 1579 3105 mercantur
1608 3050 1853 3126 opertos

149 3123 482 3210 Inspiciam,
515 3150 589 3192 ne
622 3130 672 3192 si
703 3130 890 3193 facies
920 3137 990 3192 ut
1019 3150 1198 3212 saepe
1231 3129 1453 3191 decora
1710 3181 1725 3198 .

149 3208 297 3275 Molli
326 3216 477 3278 fulta
497 3212 662 3299 pede
695 3224 790 3279 est
820 3224 1148 3297 emptorem
1179 3215 1430 3277 inducat
1458 3214 1748 3294 hiantem,

155 3295 300 3369 Quod
329 3303 618 3384 pulchrae
652 3303 884 3379 clunes,
913 3302 1097 3364 breve
1131 3301 1290 3384 quod
1321 3307 1535 3384 caput,
1569 3302 1761 3365 ardua
1791 3297 2013 3363 cervix.

68 3466 70 3471 Ι
151 3379 265 3447 Hoc
292 3388 373 3450 illi
404 3398 601 3455 recte:
651 3410 728 3451 ne
760 3389 1022 3470 corporis
1053 3388 1276 3470 optima
1306 3387 1537 3469 Lyncei
2152 3404 2217 3453 90

154 3467 543 3557 Contemplere
575 3475 786 3553 oculis,
818 3475 1112 3559 Hypsaea
1144 3474 1382 3536 caecior
1410 3473 1515 3535 illa

155 3554 297 3630 Quae
324 3563 482 3623 mala
513 3569 655 3625 sunt
685 3568 942 3642 spectes.
1034 3558 1088 3623 O
1123 3581 1262 3622 crus
1289 3558 1303 3624 l
1352 3581 1387 3621 o
1416 3556 1701 3622 brachia!
1792 3556 2027 3623 Verum

157 3640 418 3729 Depugis,
448 3657 688 3723 nasuta,
720 3648 892 3710 brevi
921 3648 1112 3709 latere
1146 3667 1216 3709 ac
1249 3645 1406 3729 pede
1435 3646 1614 3725 longo
1648 3651 1761 3708 est.

161 3726 436 3817 Matronae
468 3740 711 3817 praeter
740 3734 958 3797 faciem
986 3733 1069 3795 nil
1102 3753 1349 3795 cernere
1384 3732 1592 3815 possis»,

160 3811 365 3899 Cetera,
395 3821 456 3883 ni
488 3819 666 3884 Catia
695 3827 811 3900 est,
843 3820 1101 3883 demissa
1132 3828 1298 3885 veste
1331 3818 1614 3900 tegentis.
2150 3834 2216 3885 95
