2742 4417
507 308 632 373 106
919 260 924 265 ·
1294 326 1549 377 nronon
1588 330 1803 377 mna.

841 482 978 559 Qua
1007 488 1360 547 muneretur
1389 487 1475 559 te,
1504 481 1749 566 Priape,
1780 488 1844 545 et
1875 487 1959 562 te,
1988 486 2157 565 patei

930 567 1194 647 Silvano,
1225 575 1389 632 tutor
1413 568 1621 631 finium
1645 566 1662 633 Ξ
2264 566 2273 572 ’

843 652 1023 717 Libet
1039 653 1250 736 jacere
1302 652 1477 715 modo
1504 653 1616 717 sub
1647 652 1895 736 antiqua
1922 652 2096 732 ilice,

925 738 1155 801 Modo'
1139 760 1203 801 m
1232 738 1430 801 tenaci
1460 738 1750 821 gramine.

837 823 1156 889 Labuntur
1187 824 1322 887 altis
1349 824 1591 887 interim
1620 824 1764 907 ripis
1795 842 2013 907 aquae,
2510 841 2575 891 23

928 908 1321 983 Queruntur
1304 932 1370 971 ιιι
1397 898 1560 973 silvis
1588 930 1755 987 aves,

839 992 1190 1077 Fontesque
1233 993 1509 1091 lymphis
1544 994 1897 1076 obstrepunt
1922 990 2327 1071 manantibuS,

931 1078 1179 1142 Somnos
1201 1078 1362 1160 quod
1390 1078 1605 1141 invitet
1632 1079 1817 1141 leves.

840 1162 934 1227 At
967 1184 1110 1227 cum
1155 1164 1419 1229 tonantis
1461 1183 1658 1227 annus
1686 1164 1971 1228 hibernus
1999 1161 2047 1226 J
2046 1163 2175 1229 ovis

927 1248 1162 1311 Imbres
1191 1248 1477 1331 nivesque
1509 1256 1837 1332 comparat,
2514 1266 2579 1317 3⁰

837 1333 974 1397 Aut
1001 1332 1192 1397 trudit
1219 1354 1393 1397 acres
1420 1334 1563 1399 hinc
1590 1342 1655 1397 et
1680 1334 1819 1397 hinc
1853 1333 2045 1397 multa
2071 1352 2223 1397 cane

922 1419 1126 1503 Apros
1153 1419 1217 1481 in
1244 1418 1550 1483 obstantes
1580 1420 1811 1502 plagaS,

836 1503 972 1568 Aut
998 1504 1178 1567 amite
1208 1503 1326 1566 levi
1360 1525 1500 1567 rara
1530 1505 1724 1567 tendit
1752 1504 1927 1584 retia,

931 1589 1150 1653 Turdis
1181 1589 1464 1652 edacibus
1493 1589 1679 1669 dolos,

838 1674 1257 1758 Pavidumque
1286 1675 1549 1757 leporem
1581 1682 1643 1737 et
1673 1674 1966 1738 advenam
1991 1673 2210 1755 laqueo
2239 1692 2453 1756 gruem
2512 1692 2577 1742 35

835 1789 881 1833 ρ
924 1759 970 1823 J
971 1759 1212 1823 ucunda
1234 1766 1439 1841 captat
1468 1760 1751 1841 praemia.

841 1843 990 1918 Quis
1019 1865 1138 1907 non
1165 1845 1461 1907 malarum
1510 1865 1660 1926 quas
1690 1864 1857 1907 amor
1884 1862 2060 1907 curas
2078 1842 2265 1907 habet

801 1942 810 1953 ·
919 1930 1096 1991 Haec
1123 1928 1284 1991 inter
1313 1928 1729 1992 obliviscitur?

838 2012 1068 2087 Quodsi
1109 2014 1334 2098 pudica
1369 2013 1626 2076 mulier
1609 2036 1673 2076 m
1701 2020 1936 2097 partem
1952 2013 2133 2097 juvet

923 2098 1183 2161 Domum
1214 2104 1397 2179 atque
1429 2096 1635 2160 dulces
1662 2098 1903 2179 liberos,
2512 2121 2578 2171 4ο

841 2180 1066 2247 Sabina
1094 2183 1288 2266 qualis
1313 2189 1423 2245 aut
1450 2189 1697 2265 perusta
1723 2184 1943 2247 solibus

922 2268 1194 2332 Pernicis
1222 2288 1372 2332 uxor
1400 2266 1613 2350 Apuli,

840 2351 1095 2419 Sacrum
1122 2353 1375 2417 vetustis
1392 2359 1655 2417 exstruat
1670 2353 1849 2437 lignis
1875 2353 2082 2417 focum

919 2439 1092 2502 Lassi
1120 2439 1230 2501 sub
1258 2439 1588 2503 adventum
1614 2439 1758 2521 viri,

836 2523 1258 2608 claudensque
1288 2526 1469 2588 textis
1498 2525 1759 2589 cratibus
1786 2525 2013 2587 laetum
2038 2542 2239 2607 pecus.
2508 2546 2576 2596 ⁴5

916 2610 1199 2673 Distenta
1226 2610 1415 2673 siccet
1443 2611 1653 2688 ubera,
2478 2642 2487 2647 ·

835 2693 921 2758 Et
949 2695 1140 2757 horna
1158 2695 1320 2757 dulci
1349 2696 1491 2758 vina
1519 2716 1794 2778 promens
1823 2693 1980 2757 dolio

918 2779 1124 2863 Dapes
1148 2780 1449 2879 inemptas
1480 2785 1771 2862 apparet.

835 2862 979 2927 Non
1007 2885 1103 2926 me
1134 2864 1399 2928 Lucrina
1415 2865 1687 2947 juverint
1716 2862 2035 2947 conchylia

916 2948 1191 3030 Magisve
1225 2948 1507 3011 rhombus
1536 2956 1644 3012 aut
1670 2948 1848 3026 scari,
2404 3016 2413 3025 ‚
2508 2971 2578 3023 ω

834 3030 900 3096 Si
933 3053 1082 3114 quos
1113 3032 1256 3095 Eois
1283 3033 1555 3096 intonata
1577 3034 1857 3096 fluctibus

913 3116 1128 3179 Hiems
1159 3118 1236 3179 ad
1266 3118 1379 3180 hoc
1411 3126 1609 3181 vertat
1635 3137 1845 3195 mare3

830 3200 973 3265 Non
1005 3202 1160 3265 Afra
1189 3203 1316 3265 avis
1340 3203 1711 3267 descendat
1695 3226 1759 3267 m
1788 3209 2061 3267 ventrem
2086 3224 2312 3287 meum,

915 3286 980 3349 N
981 3308 1058 3349 on
1087 3294 1335 3370 attagen
1365 3288 1607 3351 Ionicus

825 3370 874 3435 J
874 3372 1186 3451 ucundlor
1218 3393 1399 3455 quam
1428 3376 1587 3437 lecta
1614 3373 1690 3437 de
1728 3372 2131 3459 pinguissimis
2504 3396 2578 3447 55
2688 3350 2690 3371 ἶ

773 3508 780 3513 .
917 3456 1094 3521 Oliva
1123 3459 1303 3520 ramis
1333 3459 1613 3521 arborum

821 3541 958 3604 Aut
986 3543 1172 3605 herba
1203 3544 1431 3626 lapathi
1460 3551 1633 3626 prata
1661 3544 1915 3608 amantis
1966 3549 2031 3607 et
2059 3542 2245 3628 gravi

912 3626 1154 3690 Malvae
1185 3629 1455 3692 salubres
1485 3631 1741 3711 corpori,

829 3710 949 3775 Vel
981 3732 1139 3793 agna
1168 3714 1337 3776 festis
1367 3734 1545 3777 caesa
1573 3714 2031 3795 Terminalibus»,
2156 3754 2161 3761 ·

910 3794 1035 3859 Vel
1063 3798 1293 3913 haedus
1323 3805 1567 3881 ereptus
1595 3800 1755 3882 lupo.
2504 3810 2579 3861 60
