2742 4417
907 340 1036 389 m.
1079 339 1126 388 1.
1173 340 1372 390 nmsr.
1418 341 1557 392 xv1.
1640 359 1647 366 ·
2150 329 2276 396 201

167 498 320 564 Hae
347 496 618 560 latebrae
650 494 881 574 dulces,
912 495 1094 560 etiam
1118 495 1176 560 si
1205 495 1401 560 credis
1431 517 1740 579 amoenae,
2214 521 2277 572 15

165 585 548 650 Incolumem
579 583 688 646 tibi
715 603 812 645 me
843 590 1152 666 praestant
1185 580 1639 666 Septembribus
1668 585 1846 652 horis.

168 671 272 736 Tu
303 678 471 734 recte
503 669 653 732 vivis
681 669 735 732 si
765 689 942 732 curas
973 689 1107 734 esse
1135 668 1296 752 quod
1327 670 1522 732 audiS.

168 757 222 821 J
225 767 496 820 astamus
516 755 881 840 jampridem
913 755 1100 819 omnis
1131 762 1192 816 te
1225 755 1421 818 Roma
1450 756 1735 835 beatum3

23 803 29 912 >
177 843 310 908 Sed
338 850 552 906 Vereor
581 863 660 905 ne
692 841 792 904 cui
822 841 897 904 de
930 847 992 902 te
1023 841 1156 924 plus
1185 862 1367 924 quam
1400 842 1508 905 tibi
1542 843 1778 924 credas,
1985 914 1993 920 ,

174 929 359 992 Neve
390 937 561 1012 putes
592 928 777 992 alium
805 927 1072 1010 sapiente
1102 925 1377 1010 bonoque
1407 927 1675 1008 beatum,
1810 976 1813 978 ψ
1856 965 1863 972 ·
2210 954 2277 1004 m

23 1004 30 1105 Ι
175 1015 328 1079 Neu
357 1016 406 1077 si
437 1023 497 1077 te
528 1015 785 1097 populus
817 1034 1028 1076 sanum
1058 1020 1346 1096 recteque
1379 1014 1681 1078 valentem

22 1114 25 1131 ¹
175 1101 438 1166 Dictitet
467 1101 768 1164 occultam
797 1099 1028 1162 febrem
1057 1098 1168 1162 sub
1200 1106 1436 1182 tempus
1468 1100 1687 1164 edendi

175 1187 560 1262 Dissimules,
583 1185 772 1248 donec
803 1185 1076 1247 manibus
1106 1191 1332 1248 tremor
1357 1185 1586 1250 incidat
1614 1188 1829 1254 unctis.

181 1271 520 1338 Stultorum
550 1272 825 1334 incurata
855 1270 1048 1354 pudor
1075 1272 1268 1337 malus
1298 1272 1505 1334 ulcera
1534 1273 1709 1338 celat.
2134 1333 2139 1340 .

181 1358 251 1423 Si
282 1359 415 1443 quis
443 1358 606 1420 bella
635 1357 742 1440 tibi
771 1365 936 1420 terra
965 1365 1236 1440 pugnata
1263 1358 1534 1441 marique
2206 1385 2299 1434 25·

176 1445 366 1510 Dicat
395 1451 457 1507 et
487 1445 582 1506 his
611 1444 812 1506 verbis
841 1463 1064 1506 vacuas
1093 1445 1466 1526 permulceat
1494 1465 1709 1508 aures:
1860 1455 1864 1459 '

175 1535 222 1568 “
246 1531 411 1593 Tene
433 1530 634 1630 ‘magis
666 1531 898 1592 salvum
923 1529 1180 1628 populus
1210 1529 1356 1591 velit
1386 1551 1463 1592 an
1492 1531 1779 1614 populum
1814 1536 1885 1597 tu

181 1615 448 1680 Servet
432 1638 497 1678 m
529 1615 808 1697 ambiguo
837 1615 942 1697 qui
973 1615 1228 1678 consulit
1259 1621 1321 1678 et
1350 1616 1460 1678 tibi
1490 1624 1552 1678 et
1581 1617 1751 1682 urbi·

175 1700 869 1786 Jupp1ter’Augusti
897 1701 1108 1764 laudes
1140 1721 1467 1783 agnoscere
1499 1703 1719 1785 possis:

179 1787 342 1852 Cum
370 1787 596 1871 pateris
625 1787 862 1870 sapiens
893 1786 1366 1869 emendatusque
1398 1788 1622 1867 vocari,
2206 1813 2273 1863 30

179 1873 616 1956 Respondesne
648 1880 753 1935 tuo
782 1873 878 1935 dic
909 1872 1083 1936 sodes
1113 1873 1392 1936 nomine.
1370 1871 1399 1920 9
1488 1873 1728 1958 Nempe

177 1959 304 2025 Vir
330 1960 519 2023 bonus
550 1965 614 2020 et
643 1959 908 2040 prudens
939 1957 1058 2020 dici
1088 1958 1360 2022 delector
1390 1981 1505 2041 ego
1533 1980 1605 2022 ac
1638 1968 1722 2022 tu.

180 2045 308 2119 Qui
325 2045 505 2108 dedit
531 2045 644 2107 hoc
673 2044 848 2107 hodie
881 2064 1015 2106 cras
1045 2044 1095 2106 si
1127 2045 1288 2108 volet
1316 2045 1575 2124 auferet,
1604 2052 1676 2109 ut
1704 2045 1757 2110 si

179 2130 492 2196 Detulerit
519 2130 714 2192 fasces
742 2129 988 2212 indigno
1020 2129 1300 2193 detrahet
1326 2131 1509 2194 idem.

178 2222 223 2255 “
251 2217 445 2294 Pone,
475 2238 674 2280 meum
705 2226 836 2279 est:
885 2216 1149 2299 'inquit.
1242 2216 1411 2280 Pono
1441 2217 1749 2302 tristisque
1789 2218 2054 2291 recedo.
2204 2239 2271 2290 ss

179 2301 361 2368 Idem
391 2302 440 2365 si
471 2303 691 2366 clamet
719 2303 936 2379 furem,
967 2307 1152 2384 neget
1181 2323 1312 2366 esse
1343 2303 1650 2386 pudicum,

181 2388 530 2452 Contendat
557 2389 774 2471 laqueo
804 2388 1022 2451 collum
1052 2388 1338 2471 pressisse
1370 2395 1732 2472 paternum;

178 2473 474 2539 Mordear
505 2473 834 2574 opprobriis
862 2473 1028 2536 falsis
1057 2481 1405 2557 mutemque
1436 2475 1705 2538 colores,
1686 2474 1713 2521 9

178 2560 399 2624 Falsus
427 2561 617 2623 honor
635 2561 817 2643 juvat
842 2565 910 2622 et
937 2559 1196 2622 mendax
1224 2560 1471 2622 infamia
1486 2567 1691 2624 terret
2311 2620 2314 2624 .

179 2645 382 2720 Quem
403 2646 517 2708 nisi
541 2645 890 2708 mendosum
914 2655 976 2708 et
998 2645 1459 2708 medicandum.
1440 2645 1466 2688 9
1514 2645 1631 2710 Vir
1653 2646 1841 2709 bonus
1860 2652 1956 2710 est
1976 2646 2145 2732 quis·
2125 2645 2153 2694 9
2204 2667 2268 2716 4ο

23 2706 25 2777 3
179 2731 306 2805 Qui
334 2733 608 2796 consulta
637 2737 897 2815 patrum,
927 2731 1030 2813 qui
1061 2731 1276 2813 leges
1247 2753 1510 2814 juraque
1542 2739 1767 2813 servat,

23 2792 25 2871 Ῑ
177 2817 318 2892 Quo
347 2818 572 2880 multae
602 2837 976 2899 magnaeque
1007 2824 1291 2879 secantur
1309 2817 1519 2901 judice
1550 2817 1709 2898 lites,

177 2903 316 2977 Quo
346 2925 446 2967 res
476 2924 758 2986 sponsore
789 2909 852 2964 et
881 2923 998 2986 quo
1031 2922 1246 2965 causae
1279 2909 1435 2965 teste
1467 2909 1767 2968 tenentur.

179 2988 312 3055 Sed
343 2989 512 3052 videt
537 2988 698 3051 hunc
729 2988 919 3051 omnis
950 2988 1159 3051 domus
1189 2996 1251 3050 et
1279 2989 1499 3052 vicinia
1516 2995 1655 3070 ‚tota

175 3075 520 3140 Introrsum
550 3083 809 3157 turpem,
839 3073 1172 3157 speciosum
1202 3074 1358 3157 pelle
1390 3074 1627 3138 decora.
2204 3097 2269 3144 42»

177 3167 221 3199 “
251 3161 390 3224 Nec
421 3161 650 3224 furtum
678 3160 796 3224 feci
825 3181 938 3222 nec
969 3159 1162 3242 fugi‚’'
1195 3161 1244 3222 si
1273 3161 1419 3223 mihi
1449 3160 1613 3241 dicat

180 3245 438 3325 SerVuS‚
469 3245 752 3326 “Habes
782 3246 1065 3329 pretium,
1095 3245 1236 3308 loris
1267 3267 1385 3308 non
1415 3246 1672 3324 ureriS,'’
1706 3247 1821 3310 aio·

176 3338 219 3370 “
247 3333 392 3397 Non
418 3332 718 3395 hominem
749 3331 1008 3395 occidi.”
1101 3335 1142 3368 ‘⁶
1165 3331 1306 3395 Non
1336 3353 1549 3415 pasces
1579 3333 1645 3394 in
1677 3353 1857 3396 cruce
1888 3329 2159 3396 corvos.'’

175 3423 221 3456 “
253 3417 403 3482 Sum
433 3419 626 3481 bonus
657 3424 720 3480 et
747 3417 974 3500 frugi.'’
1067 3422 1106 3454 “
1132 3417 1361 3480 Renuit
1392 3418 1743 3500 negitatque
1778 3417 2091 3484 Sabellus:

178 3503 417 3568 Cautus
448 3504 606 3566 enim
636 3504 848 3566 metuit
877 3504 1112 3566 foveam
1141 3504 1316 3586 lupus
1347 3504 1756 3587 accipiterque
2204 3523 2269 3574 50

183 3588 516 3674 Suspectos
546 3589 792 3672 laqueos
823 3596 886 3652 et
916 3597 1190 3673 opertum
1219 3590 1438 3652 miluus
1467 3589 1731 3652 hamum.

182 3675 468 3740 Oderunt
496 3695 750 3758 peccare
781 3675 919 3738 boni
949 3675 1186 3738 virtutis
1221 3695 1461 3752 amore3

179 3761 280 3826 Tu
305 3763 456 3825 nihil
486 3760 766 3824 admittes
794 3760 857 3824 in
888 3768 948 3825 te
980 3760 1291 3824 formidine
1323 3781 1594 3844 poenae:

22 3855 35 4032 k
179 3846 284 3915 Sit
309 3869 452 3936 spes
478 3847 750 3927 fallendi,
780 3847 1056 3912 miscebis
1085 3867 1260 3912 sacra
1287 3847 1553 3931 profanis
1575 3868 1593 3927 ;

22 4050 37 4307 V

458 4245 498 4328 ἶ)

22 4325 33 4386 Ῑ
491 4331 515 4388 ³}
605 4372 612 4380 -
