2742 4417
1323 377 1671 424 CARMINUM

1141 638 1606 765 CARMiEN
1663 698 1846 765 III.

1992 843 2123 867 e—

962 1022 1076 1088 Sm
1108 1030 1169 1088 te
1201 1023 1342 1087 diva
1369 1030 1582 1107 potens
1614 1024 1825 1111 Cypn,

877 1108 981 1175 Sic
1010 1111 1230 1174 fratres
1261 1110 1537 1174 Helenae
1582 1112 1783 1175 lucida
1812 1112 2034 1195 sidera,

959 1196 1419 1279 Ventorumque
1449 1205 1623 1280 regat
1652 1206 1848 1281 pater,

883 1279 1202 1346 Obstrictis
1231 1282 1361 1344 aliis
1392 1292 1633 1364 praeter
1662 1284 1937 1368 Iapyga&

960 1366 1174 1446 NaviS‚
1204 1388 1360 1451 quae
1394 1367 1499 1431 tibi
1528 1368 1822 1432 creditum
2040 1440 2055 1455 .

873 1452 1078 1518 Debes
1107 1453 1431 1535 Virgilium
1481 1454 1698 1517 finibus
1737 1454 1961 1520 Atticis

961 1539 1208 1602 Reddas
1238 1534 1617 1603 incolumem'
1646 1560 1881 1623 precor,

879 1624 964 1689 Et
992 1646 1196 1688 serves
1227 1626 1458 1688 animae
1490 1626 1797 1687 dimidium
1826 1643 2018 1687 meae.

960 1710 1060 1773 Illi
1088 1711 1270 1774 robur
1297 1718 1360 1774 et
1390 1733 1493 1774 aes
1524 1712 1740 1793 triplex

878 1793 1058 1859 Circa
1084 1804 1295 1879 pectus
1326 1803 1459 1860 erat
1511 1797 1615 1879 qui
1646 1794 1923 1879 fragilem
1950 1793 2107 1858 truci

966 1879 1276 1944 Commisit
1307 1883 1523 1965 pelago
1551 1888 1747 1945 ratem

875 1964 1136 2045 Primus,
1167 1987 1280 2029 nec
1312 1968 1509 2029 timuit
1537 1966 1929 2051 praecipitem
1955 1963 2237 2029 Africum

964 2050 1397 2115 Decet-tantem
1424 2052 1821 2135 Aquilonibus

875 2135 1013 2200 Nec
1045 2137 1247 2201 tristes
1275 2137 1553 2221 Hyada5‚
1584 2157 1695 2200 nec
1726 2136 1955 2201 rabiem
1983 2135 2134 2201 Noti

966 2221 1100 2295 Quo
1129 2244 1246 2286 non
1277 2223 1502 2286 arbiter
1525 2222 1797 2287 Hadriae

876 2306 1080 2372 Ma⁰or
1129 2310 1338 2371 tollere
1369 2330 1479 2371 seu
1510 2329 1731 2393 ponere
1762 2307 1894 2371 volt
1918 2306 2099 2372 freta.

963 2332 1158 2467 ciuem
1187 2393 1403 2457 Mortis
1432 2395 1630 2457 timuit
1659 2394 1914 2477 gradum

879 2477 998 2554 Qui
1027 2480 1200 2543 siccis
1229 2480 1416 2544 oculis
1445 2487 1711 2543 monstra
1740 2480 2032 2560 natantia,

964 2564 1083 2638 Qui
1113 2565 1263 2629 vidit
1290 2587 1457 2629 mare
1488 2566 1797 2649 turgidum
1827 2572 1891 2628 et

879 2649 1145 2715 Infames
1175 2653 1447 2734 scopulos
1476 2648 1977 2715 Acroceraunia?
2027 2614 2217 2710 46¹!ss

965 2736 1030 2798 N
1033 2737 1390 2819 equicquam
1429 2737 1584 2801 deus
1621 2736 1875 2799 abscidit

878 2811 1158 2894 Prudens
1191 2819 1436 2885 Oceano
1467 2821 1823 2885 dissociabili

963 2906 1182 2969 Terras
1225 2908 1285 2970 si
1315 2914 1516 2969 tamen
1545 2908 1760 2991 impiae

875 2990 1020 3055 Non
1050 2992 1355 3075 tangenda
1385 2999 1546 3056 rates
1578 2993 1919 3057 transiliunt
1943 2990 2120 3057 vada.

959 3076 1185 3140 Audax
1214 3078 1412 3141 omnia
1440 3080 1673 3163 perpeti

877 3161 1045 3226 Gens
1074 3164 1335 3227 humana
1364 3165 1488 3227 ruit
1515 3186 1626 3249 per
1652 3164 1905 3228 vetitum
1933 3162 2126 3227 nefas.
2168 3208 2173 3215 -

962 3248 1189 3311 Audax
1218 3249 1417 3333 Iapeti
1446 3271 1637 3333 genus
1678 3326 1683 3331 .

874 3333 1091 3418 Ignem
1119 3334 1332 3397 fraude
1363 3337 1531 3417 mala„
1550 3335 1828 3419 gentibus
1856 3334 2080 3399 intulit.

963 3419 1111 3483 Post
1139 3420 1342 3503 ignem
1371 3423 1640 3485 aetheria
1668 3421 1843 3484 domo

877 3503 1256 3571 Subductum
1283 3507 1506 3571 macies
1536 3514 1599 3570 et
1628 3527 1783 3570 nova
1810 3506 2067 3583 febrium

961 3592 1164 3655 Terris
1191 3592 1465 3656 incubuit
1494 3593 1725 3671 cohors,

881 3672 1228 3761 Semotique
1259 3678 1424 3761 prius
1455 3679 1632 3742 tarda
1658 3678 1985 3743 necessitas

959 3762 1098 3825 Leti
1127 3764 1414 3849 corripuit
1440 3765 1719 3847 gradum.

2464 1774 2528 1863 io

2469 2240 2531 2288 15
