2742 4417
405 308 530 373 110

1188 323 1441 372 EPODON
1484 324 1695 371 LIBER.

742 484 866 548 Hic
894 482 1246 546 irresectum
1275 502 1457 545 saeva
1487 480 1669 545 dente
1697 479 1879 543 livido

831 567 1084 631 Canidia
1112 568 1328 651 rodens
1358 567 1633 649 pollicem

751 650 913 727 Quid
943 652 1093 715 dixit
1124 660 1230 715 aut
1256 651 1403 735 quid
1433 648 1672 715 tacuit?
1763 648 1817 714 Ο
1850 651 2029 715 rebus
2056 650 2205 715 meis

830 738 972 801 Non
1000 737 1270 801 infideles
1298 737 1585 816 arbitrae,

743 823 885 887 Nox
915 831 978 887 et
1005 822 1205 886 Diana
1255 844 1412 906 quae
1442 822 1743 886 silentium
1770 822 1933 906 regIs

831 908 1078 971 Arcana
1113 927 1252 969 cum
1281 908 1439 971 fiunt
1466 928 1665 988 sacra,

741 993 1116 1065 Nunc‚nunc
1146 993 1379 1071 adeste,
1407 1013 1567 1055 nunc
1595 995 1658 1056 in
1686 994 1931 1058 hostiles
1958 992 2162 1057 domos

830 1078 993 1141 Iram
1024 1084 1204 1160 atque
1235 1098 1459 1141 numen
1488 1078 1741 1144 vertite!

717 1162 1160 1228 'Formidolosis
1188 1162 1335 1225 dum.
1359 1164 1554 1226 latent
1594 1165 1756 1228 silvis
1784 1165 1949 1229 ferae

826 1248 1008 1311 Dulci
1036 1269 1246 1330 sopore
1274 1248 1618 1333 languidae,
1962 1292 1967 1297 -
2135 1327 2144 1334 .

747 1333 990 1413 Senem,
1020 1332 1182 1417 quod
1211 1355 1415 1397 omnes
1444 1334 1702 1415 rideant,
1732 1334 2071 1399 adulterum

826 1418 1081 1482 Latrent
1113 1416 1465 1482 Suburanae
1496 1440 1679 1483 canes

743 1504 956 1569 Nardo
986 1512 1364 1587 perunctum,
1396 1506 1572 1587 quale
1603 1527 1722 1568 non
1750 1502 2075 1590 perfectius

825 1589 1007 1653 Meae
1035 1590 1362 1654 laborarint
1389 1610 1621 1653 manus·
1652 1626 1741 1639 -

743 1672 903 1749 Quid
933 1674 1200 1739 accidit?
1290 1674 1419 1739 Cur
1446 1676 1579 1739 dira
1605 1676 1894 1739 barbarae
1922 1674 2121 1737 min-

830 1760 1089 1825 Venena
1117 1759 1377 1823 Medeae
1408 1760 1657 1823 valent?

742 1844 974 1920 Quibus
1003 1847 1321 1928 superbam
1349 1845 1509 1925 fugit
1538 1846 1664 1907 ulta
1691 1845 1989 1928 pellicem,

827 1930 1041 2013 Magni
1071 1929 1346 1993 Creontis
1373 1930 1578 2009 filiam,

749 2015 908 2081 Cum
951 2017 1137 2113 palla,
1184 2014 1324 2077 tabo
1351 2036 1569 2077 munus
1598 2015 1909 2093 imbutum,
1940 2034 2160 2083 novam

827 2099 1118 2167 Incendio
1146 2106 1397 2181 nuptam
1426 2100 1689 2163 abstulit.

742 2186 938 2269 Atqui
966 2206 1078 2247 nec
1109 2184 1297 2248 herba
1347 2206 1460 2248 nec
1491 2185 1729 2249 latens‘
1712 2206 1777 2249 1n
1804 2185 2033 2270 asperis

828 2270 1028 2333 Radix
1056 2271 1270 2333 fefellit
1297 2292 1394 2334 me
1423 2271 1591 2335 locis„

741 2356 1038 2421 Indormit
1066 2357 1264 2420 unctis
1293 2357 1551 2419 omnium
1581 2356 1871 2441 cubilibus

835 2440 1164 2505 Oblivione
1177 2442 1477 2525 pellicum.
1496 2474 1589 2489 —·

743 2527 850 2593 Ah
902 2528 1020 2592 ah.
1006 2527 1019 2572 l
1067 2528 1310 2591 solutus·
1323 2527 1589 2590 ambulat
1616 2526 1921 2590 veneficae

831 2612 1176 2676 Scientioris
1205 2633 1487 2695 carmine.

740 2696 883 2761 Non
911 2696 1167 2773 usitatiS‚
1198 2697 1389 2775 Vare,
1420 2697 1774 2780 potionibus,
1828 2730 1833 2735 ·

833 2781 887 2846 Ο
919 2782 1107 2845 multa
1134 2782 1413 2843 fleturum
1448 2790 1653 2865 caput,

739 2867 848 2932 Ad
877 2888 972 2930 me
1005 2886 1304 2945 recurres,
1333 2888 1447 2930 nec
1478 2858 1701 2931 vocata’
1718 2884 1885 2930 mens
1914 2870 2033 2929 tua

829 2952 1050 3014 Marsis
1080 2951 1295 3014 redibit
1322 2953 1606 3015 vocibus·

739 3036 946 3101 Maius
976 3037 1216 3120 parabo,
1246 3037 1437 3100 maius
1466 3026 1777 3101 infundam
1808 3037 1916 3101 tibi

824 3122 1180 3185 Fastidienti
1209 3124 1507 3205 poculum.
2034 3136 2041 3141 ’

743 3208 1040 3290 Priusque
1069 3208 1300 3270 caelum
1329 3207 1489 3270 sidet
1515 3208 1763 3271 inferius
1790 3206 1963 3285 mari,

829 3293 1067 3356 Tellure
1099 3298 1377 3375 porrecta
1404 3312 1607 3374 super,

741 3375 940 3452 Quam
967 3398 1088 3439 non
1119 3396 1320 3440 amore
1346 3377 1433 3439 sic
1462 3397 1599 3439 meo
1619 3376 1855 3459 flagres
1891 3374 1983 3438 uti

825 3462 1109 3525 Bitumen
1139 3462 1284 3524 atris
1313 3461 1573 3543 ignibus.
1596 3494 1687 3509 --

746 3545 872 3612 Sub
901 3549 1052 3609 haec
1081 3568 1235 3629 puer
1251 3548 1381 3630 Jam
1411 3567 1530 3609 non
1581 3553 1652 3609 ut
1680 3552 1821 3609 ante
1871 3544 2157 3611 mollibus

828 3632 1048 3694 Lenire
1080 3631 1320 3694 verbis
1304 3632 1538 3714 impias,

746 3715 871 3781 Sed
901 3716 1114 3779 dubius
1166 3716 1326 3778 unde
1355 3721 1662 3799 rumperet
1690 3716 1991 3780 silentium

829 3801 1000 3865 Misit
1029 3801 1359 3885 Thyesteas
1390 3821 1637 3885 preces:

2412 2458 2483 2510 '70
