2742 4417
411 344 538 414 224
987 327 994 334 ’
1215 362 1336 411 ARS
1381 351 1673 409 PofmoA.

407 517 686 602 Denique
716 517 795 581 sit
823 516 1060 600 quidvis
1111 515 1361 600 simplex
1392 515 1685 580 duntaxat
1714 519 1777 578 et
1800 537 2009 578 unum.

408 603 678 666 Maxima
705 623 847 687 pars
876 608 1102 681 vatum,
1133 609 1307 684 pater
1336 607 1399 664 et
1417 601 1675 684 juvenes
1704 607 1876 683 patre
1908 601 2097 685 digni,

409 688 769 772 Decipimur
796 688 995 772 specie
1025 687 1200 750 recti.
1290 685 1509 748 Brevis
1538 707 1669 749 esse
1699 687 1927 767 labor0,

413 773 720 836 Obscurus
747 774 826 836 fio
853 793 870 850 ;
915 778 1247 836 sectantem
1274 771 1433 834 levia
1464 771 1635 834 nervi

408 857 718 922 Deficiunt
747 858 1044 944 animique
1072 877 1088 932 ;
1135 857 1439 941 professus
1468 855 1723 946 grandia
1754 861 2001 939 turget3

412 942 618 1028 Serpit
643 943 809 1006 humi
838 949 1004 1006 tutus
1031 942 1276 1004 nimium
1305 939 1667 1023 timidusque
1697 942 2037 1023 procellae3

410 1027 528 1101 Qui
559 1029 791 1090 variare
822 1027 990 1110 cupit
1017 1047 1146 1089 rem
1177 1025 1589 1109 prodigialiter
1617 1046 1821 1105 unam,

408 1111 775 1196 Delphinum
803 1113 968 1174 sil'vis'
995 1111 1287 1194 appingit,
1315 1111 1593 1173 fluctibus
1622 1124 1861 1193 aprum}

408 1197 485 1260 In
515 1197 725 1260 vitium
755 1195 923 1260 ducit
952 1195 1163 1278 culpae
1191 1195 1341 1278 fuga
1392 1195 1443 1258 si
1471 1195 1641 1258 caret
1669 1193 1821 1258 arte.

407 1279 734 1345 Aemilium
765 1281 926 1344 circa
952 1280 1158 1343 ludum
1187 1281 1359 1344 faber
1386 1301 1540 1343 unus
1571 1286 1635 1344 et
1661 1299 1899 1362 ungues

410 1365 724 1449 Exprimet
753 1372 816 1429 et
841 1367 1048 1429 molles
1075 1365 1405 1428 imitabitur
1434 1379 1575 1428 aere
1611 1365 1879 1450 capillos,

409 1450 630 1514 Infelix
658 1451 855 1536 operis
883 1471 1112 1514 summa
1165 1451 1306 1533 quia
1334 1471 1555 1534 ponere
1585 1456 1777 1514 totum

410 1535 683 1608 Nesciet.
729 1536 912 1601 Hunc
943 1557 1200 1618 ego-me,
1229 1536 1281 1599 si
1310 1535 1845 1622 quid-componere
1868 1556 2100 1617 curem,

409 1620 475 1683 N
476 1642 553 1684 on
580 1621 772 1705 magis
803 1619 932 1685 esse
965 1619 1144 1685 veliin
1197 1642 1379 1704 quam
1407 1641 1551 1684 naso
1581 1621 1783 1684 vivere
1812 1621 2021 1708 pram,

414 1704 824 1790 Spectandum
851 1707 1039 1790 nigris
1069 1707 1254 1770 oculis
1279 1707 1570 1788 nigroque
1600 1707 1835 1790 capillo.

414 1789 646 1855 Sumite
674 1792 985 1855 materiam
1013 1792 1251 1871 vestri3‚
1280 1791 1385 1874 qui
1412 1791 1671 1854 scribitis
1722 1811 1978 1874 aequam

409 1876 658 1941 Viribus
709 1883 774 1940 et
800 1883 1036 1940 versate
1066 1877 1170 1941 diu
1225 1875 1370 1959 quid
1397 1876 1559 1940 ferre
1588 1882 1892 1955 recusent,

412 1959 573 2034 Quid
603 1963 842 2024 valea-nt
869 1961 1120 2024 humeri.
1212 1961 1334 2024 Cui·
1355 1962 1515 2026 lecta
1542 1967 1819 2044 potenter
1847 1961 1969 2025 erit
1990 1981 2113 2044 ποθ,

410 2044 547 2109 Nec
576 2046 860 2111 facundia
889 2046 1129 2110 deseret
1155 2045 1315 2109 hunc
1345 2053 1459 2110 ne'c
1488 2046 1724 2110 lucidus
1752 2045 1918 2110 ordo.

413 2129 655 2194 Ordinis
679 2131 830 2194 haec
862 2131 1050 2194 virtus
1081 2132 1195 2194 erit
1224 2134 1287 2194 et
1315 2147 1526 2211 venus,
1556 2137 1664 2195 aut
1690 2151 1805 2216 ego
1832 2131 2033 2214 fallor,

409 2214 503 2278 Ut
519 2217 650 2300 jam
678 2236 838 2278 nunc
869 2216 1032 2280 dicat
1047 2217 1181 2300 jam
1207 2229 1369 2280 nunc·
1392 2215 1675 2281 debentia
1704 2217 1849 2297 dici,

409 2300 709 2385 Pleraque
741 2301 976 2365 differat
1004 2308 1068 2364 et
1095 2321 1380 2385 praesens
1408 2301 1472 2365 in
1502 2305 1737 2390 tempus
1768 2301 2049 2380 omittat.;

407 2385 546 2450 Hoc
576 2392 758 2464 amet,
787 2387 900 2450 hoc
931 2393 1177 2470 spernat
1204 2386 1477 2474 promissi
1504 2388 1783 2452 carminis
1814 2385 2044 2453 auctor.

407 2472 486 2536 In
516 2472 714 2536 verbis
742 2473 924 2536 etiam
953 2472 1148 2536 tenuis
1177 2478 1509 2556 cautusque
1538 2473 1831 2554 serendis,
2014 2503 2018 2505 ·

409 2557 655 2621 Dixeris
684 2558 928 2641 egregie
981 2563 1189 2622 notum
1217 2557 1268 2620 si
1297 2557 1518 2622 callida
1542 2558 1792 2622 verbum
1994 2641 1997 2646 ,
2069 2635 2076 2644 1

408 2642 769 2706 Reddiderit
785 2644 1075 2726 junctura
1102 2663 1342 2706 novum.
1436 2642 1502 2706 Si
1530 2643 1687 2708 forte
1717 2659 1966 2710 necesse
1997 2649 2093 2710 est

408 2727 658 2791 Indiciis
683 2734 1014 2791 monstrare
1046 2728 1386 2792 recentibus
1416 2729 1620 2792 abdita
1646 2729 1876 2812 rerum,

409 2811 670 2894 Fingere
702 2811 982 2896 cinctutis
1009 2811 1129 2876 'non
1163 2811 1446 2878 exaudita
1476 2810 1762 2898 Cethegis

413 2891 757 2979 Continget,
765 2895 1121 2980 dabiturque
1151 2897 1395 2962 licentia
1424 2907 1663 2984 sumpta
1690 2896 2022 2983 pudentem

411 2981 496 3045 Et
523 3002 679 3045 nova
705 2981 965 3064 fictaque
993 3003 1188 3066 nuper
1215 2981 1518 3048 habebunt
1547 2983 1733 3066 verba
1764 2984 1947 3068 fidem
1996 2981 2049 3048 si

412 3065 648 3130 Graeco
677 3066 841 3130 fonte
857 3065 1112 3146 cadant,
1121 3075 1300 3150 parce
1331 3069 1589 3134 detorta.
1680 3067 1840 3144 Quid
1872 3075 2077 3135 autem·

412 3152 674 3216 Caecilio
700 3150 1036 3236 Plautoque
1067 3151 1232 3234 dabit
1260 3151 1571 3220 Romanus
1623 3153 1973 3242 ademptum

409 3237 666 3321 Virgilio
694 3235 1003 3320 Varioque
1029 3235 1058 3300 ’ἔ
1145 3236 1278 3320 Ego
1310 3259 1419 3302 cur
1470 3241 1782 3324 acquirere
1810 3259 2008 3326 pauca

414 3321 481 3386 Si
509 3344 747 3407 possum
797 3321 1090 3402 invideo'r‚
1123 3342 1260 3386 cum
1287 3324 1496 3408 lingua
1526 3325 1769 3390 Catonis
1798 3333 1863 3389 et
1890 3321 2060 3390 Enni'

289 3485 298 3492 ·
415 3407 763 3472 Sermonem
791 3407 1050 3492 patrium
1080 3407 1360 3473 ditaverit
1390 3417 1454 3473 et
1481 3432 1636 3474 nova
1662 3432 1866 3474 rerum

410 3491 670 3556 Nomina
693 3488 1058 3580 protulerit?
1145 3488 1368 3574 Licuit,
1398 3515 1751 3580 semperque
1779 3495 1986 3560 licebit

416 3577 730 3660 Signatum
759 3585 1074 3662 praesente
1103 3587 1248 3644 nota
1274 3581 1607 3664 producere
1622 3578 1875 3646 nomen.

411 3663 508 3728 Ut
535 3663 718 3726 silvae
747 3664 901 3728 foliis
931 3685 1146 3754 pronos
1173 3673 1485 3730 mutantur
1512 3667 1575 3729 in
1608 3687 1818 3747 annos,

411 3747 618 3812 Prima
639 3747 865 3814 cadunt
881 3769 906 3826 ··,·
950 3751 1038 3814 ita
1064 3749 1384 3814 verborum
1410 3755 1586 3816 vetus
1612 3751 1819 3816 interit
1846 3755 2038 3836 aetaS,

413 3833 498 3898 Et
514 3835 808 3918 juvenum
835 3835 958 3900 ritu
983 3837 1200 3900 florent
1225 3837 1402 3902 modo
1428 3844 1575 3902 nata
1601 3838 1949 3922 vigentque.

2411 2407 2479 2457 15

2412 2829 2483 2885 ἓ
