2742 4417
470 316 600 382 '100

975 330 1321 379 CARMINUM
1363 331 1497 376 LIB.
1543 330 1638 376 IV.
1688 330 1881 376 CARM.
1930 329 2044 377 XV.

901 485 1003 548 Ne
1035 505 1224 567 parva
1248 484 1631 567 Tyrrhenum
1660 505 1769 567 per
1796 481 2023 568 aequ'or

988 571 1149 635 Vela
1177 569 1405 632 darem.
1496 570 1648 647 Tua,
1682 569 1928 650 Caesar,
1958 576 2128 634 aetas

815 655 1052 739 Fruges
1082 663 1144 718 et
1173 657 1335 738 agris
1362 656 1601 718 rettulit
1630 655 1850 718 uberes

815 741 900 805 Et
928 742 1101 824 signa
1129 748 1330 804 nostro
1359 741 1624 804 restituit
1648 740 1695 803 J
1698 741 1793 804 ovi

883 827 1180 910 'Derepta
1210 826 1571 890 Parthorum
1602 827 1873 910 superbis

988 912 1289 990 Postibus,
1320 918 1385 974 et
1412 933 1668 974 vacuum
1699 913 1911 975 duellis

811 997 861 1062 J
861 1019 1042 1060 anum
1073 996 1304 1070 Quirini
1333 997 1569 1076 clausit,
1601 1004 1664 1060 et
1692 997 1962 1060 ordinem
2062 1013 2069 1020 ·

814 1083 1077 1148 Rectum
1106 1082 1387 1164 evaganti
1416 1083 1591 1144 frena
1617 1083 1895 1145 licentiae

899 1166 1143 1251 Injecit‚
1174 1167 1512 1250 emovitque
1544 1168 1772 1250 culpas,

987 1251 1072 1316 Et
1099 1258 1336 1315 veteres
1366 1254 1671 1316 revocavit
1700 1260 1861 1316 artes

815 1337 940 1400 Per
967 1357 1116 1420 quas
1147 1335 1431 1401 Latinum
1453 1359 1669 1401 nomen
1698 1344 1762 1401 et
1789 1337 1985 1401 Italae

817 1422 1080 1487 Crevere
1109 1423 1267 1486 vires
1296 1423 1576 1507 famaque
1608 1430 1671 1486 et
1698 1423 1911 1506 imperi

896 1508 1189 1572 Porrecta
1216 1510 1497 1592 majestas
1527 1510 1605 1572 ad
1628 1516 1797 1572 ortus

985 1592 1142 1658 Solis
1175 1594 1247 1662 ‘ib
1278 1595 1577 1678 Hesperio
1607 1595 1809 1658 cubili.

815 1677 1078 1743 Custode
1105 1700 1311 1742 xerum
1342 1678 1603 1744 Caesare
1632 1701 1750 1742 non
1779 1680 1948 1742 furor

811 1762 1018 1828 civilis
1048 1772 1153 1829 aut
1182 1765 1271 1828 vis
1303 1767 1506 1848 exiget
1533 1766 1739 1842 otium,
1817 1782 1829 1795 ·

895 1849 962 1912 N
963 1872 1040 1912 on
1067 1851 1159 1927 ira
1209 1871 1366 1932 quae
1400 1849 1675 1932 procudit
1702 1869 1876 1914 enses

985 1934 1070 1997 Et
1097 1935 1344 1996 miseras
1371 1935 1639 1998 inimicat
1664 1936 1864 1998 urbes.
2047 1991 2059 2006 ,

813 2017 959 2082 Non
1010 2020 1114 2102 qui
1144 2020 1504 2102 profundum
1532 2020 1877 2084 Danubium
1902 2019 2119 2084 bibunt

809 2103 1032 2178 Edicta
1062 2111 1341 2187 rumpent
1366 2105 1411 2168 J
1416 2106 1556 2184 ulia,
1587 2127 1705 2172 non
1737 2105 1956 2187 Getae,

899 2189 964 2252 N
966 2211 1042 2252 on
1076 2187 1256 2253 Seres
1307 2190 1549 2253 infidive
1580 2190 1828 2270 Persae,

986 2273 1129 2337 Non
1157 2274 1389 2338 Tanain
1418 2297 1601 2359 prope
1631 2277 1853 2338 fiumen
1882 2275 2018 2340 orti.

814 2357 1064 2442 Nosque
1095 2365 1159 2422 et
1186 2361 1463 2444 profestis
1491 2361 1723 2425 lucibus
1754 2370 1817 2426 et
1844 2361 2029 2426 sacris

813 2445 988 2509 Inter
1006 2446 1198 2529 jocosi
1227 2468 1478 2510 munera
1506 2447 1710 2510 Liberi

899 2528 1053 2593 Cum
1082 2533 1246 2616 prole
1274 2533 1678 2617 matronisque
1706 2531 1948 2613 nostrie,

987 2616 1128 2680 Rite
1160 2618 1303 2681 deos
1326 2619 1490 2706 prius
1520 2619 1851 2702 apprecati,

703 2695 730 2717 ⁶
816 2698 1065 2772 Virtute
1093 2703 1330 2766 functos
1358 2725 1521 2766 more
1554 2712 1793 2789 patrum
1822 2703 2007 2767 duces

813 2781 1004 2869 Lydis
1032 2789 1284 2851 remixto
1313 2791 1574 2853 carmine
1602 2789 1763 2852 tibiis

897 2869 1256 3020 Trqjamque
1287 2881 1351 2936 et
1378 2875 1689 2973 Anchisen
1718 2879 1782 2937 et
1810 2873 2003 2938 almae

809 3030 812 3034 ,
1041 2958 1631 3042 rogemem·Vener1s
1661 2977 1966 3026 canemus.

2497 1103 2661 1163 1⁰⁷

2489 1529 2559 1576 15
