2742 4417
1361 335 1709 383 CARMINUM

731 479 742 488 ’
838 488 904 553 N
905 510 984 552 on
1011 488 1138 552 sola
1166 490 1432 569 comptos
1462 487 1613 550 arsit
1640 481 1906 554 adulteri

839 573 1076 653 Crines,
1107 581 1172 638 et
1200 595 1415 637 aurum
1443 574 1709 637 vestibus
1736 573 1951 638 illitum

920 659 1149 724 Min-ata
1199 660 1554 742 regalesque
1585 660 1783 724 cultus

823 755 832 762 ‘
1005 743 1090 808 Et
1118 746 1364 808 comites
1395 745 1631 808 Helene
1662 744 1964 824 Lacaena,

837 828 1152 893 Primusve
1182 830 1420 893 Teucer
1447 830 1571 892 tela
1602 828 1871 912 Cydonio

711 947 722 958 ·
831 915 1071 980 Direxit
1099 936 1244 992 arcu
1269 936 1285 989 3
1329 936 1450 978 non
1479 916 1664 978 semel
1693 915 1837 978 Ilios

923 1000 1204 1074 Vexata3
1247 1022 1368 1062 non
1398 1001 1687 1082 pugnavit
1713 1000 1927 1082 ingens

855 1087 867 1100 ⁰
1006 1084 1364 1149 Idomeneus
1398 1083 1793 1148 Sthenelusve
1824 1084 1983 1148 solus

836 1169 1114 1235 Dicenda
1142 1169 1334 1232 Musis
1363 1170 1627 1253 proelia3
1670 1192 1789 1235 non
1816 1171 1986 1234 ferox

833 1254 1070 1319 Hector
1101 1255 1198 1318 vel
1227 1275 1369 1318 acer
1398 1255 1745 1338 Deiphobus
1774 1276 1991 1339 graves

925 1341 1184 1424 Excepit
1209 1340 1366 1404 ictus
1395 1362 1505 1425 pro
1534 1341 1765 1425 pudicis

1006 1424 1373 1510 Oonjugibus
1403 1427 1723 1510 puerisque
1754 1425 2000 1510 primus.

829 1511 1061 1577 vixere
1091 1513 1276 1576 fortes
1306 1520 1446 1576 ante
1478 1512 1934 1594 Agamemnona

828 1597 1050 1674 Mult-i3
1095 1597 1204 1662 sed
1233 1619 1437 1662 omnes
1466 1597 1925 1662 illacrumabiles

916 1682 1234 1765 Urgentur
1260 1683 1569 1766 ignotique
1595 1684 1777 1764 longa

1001 1767 1224 1854 Nocte,
1253 1777 1465 1832 carent
1494 1767 1637 1848 quia
1664 1774 1802 1829 vate
1830 1785 2023 1832 sacro-

831 1852 1112 1917 Paullum
1139 1855 1409 1936 sepultae
1439 1852 1623 1915 distat
1651 1851 1899 1934 inertiae

836 1937 1054 2004 celata
1077 1939 1286 2000 virtus·
1375 1938 1440 2001 N
1442 1959 1519 2000 on
1547 1959 1661 2020 ego
1690 1944 1751 2000 te
1779 1938 1929 2002 meis

922 2022 1160 2088 Chartis
1187 2023 1525 2086 inornatum
1554 2023 1758 2103 silebo,

995 2108 1184 2172 {Potve
1216 2115 1348 2170 tuos
1378 2109 1571 2191 patiar
1599 2109 1832 2172 labores

825 2193 1108 2284 Impune²
1135 2192 1309 2271 Lolli,
1341 2215 1590 2276 carpere
1620 2193 1831 2258 lividas

828 2277 1191 2344 OblivioneS.
1240 2278 1353 2342 Est
1380 2280 1611 2343 animus
1641 2279 1748 2342 tibi

913 2364 1262 2449 Rerumque
1291 2365 1557 2449 prudens
1610 2373 1675 2429 et
1702 2363 1981 2428 secundis

995 2451 1385 2534 Temporibus
1414 2450 1724 2534 dubiisque
1755 2459 1957 2516 rectus
1971 2497 1990 2530 ‚

823 2535 1069 2601 Vindex
1098 2555 1314 2600 avarae
1344 2537 1593 2616 fraudi3‚
1623 2543 1687 2600 et
1714 2537 2017 2602 abstinens

823 2622 1119 2687 Ducentis
1149 2623 1227 2686 ad
1253 2643 1318 2686 se
1347 2630 1567 2686 cuncta
1596 2623 1908 2706 pecuniae,

912 2706 1253 2791 Consulque
1281 2729 1403 2770 non
1431 2708 1607 2771 unius
1636 2708 1775 2770 anni

996 2791 1125 2856 Sed
1149 2792 1382 2874 quoties
1411 2793 1601 2855 bonus
1633 2800 1815 2874 atque
1842 2792 2001 2857 fidus

819 2877 866 2942 J
869 2877 1027 2940 udex
1053 2878 1368 2941 honestum
1400 2876 1681 2960 praetulit
1708 2877 1862 2957 utili,

825 2962 1068 3045 Rejecit
1094 2963 1216 3025 alto
1243 2962 1399 3026 dona
1426 2961 1767 3024 nocentium

909 3046 1126 3125 Vultu,
1157 3068 1266 3129 per
1295 3046 1599 3123 obstantes
1628 3053 1903 3112 catervas

993 3132 1299 3214 Explicuit
1326 3153 1437 3196 sua
1466 3131 1655 3197 victor
1682 3152 1868 3196 arma.

825 3216 892 3281 N
892 3239 970 3280 on
998 3217 1400 3300 possidentem
1427 3218 1618 3280 multa
1646 3216 1953 3282 vocaveris

830 3304 1024 3369 Recte
1054 3303 1332 3366 beatum:
1381 3303 1605 3366 rectius
1632 3309 1888 3386 occupat

908 3388 1148 3453 Nomen
1175 3389 1337 3452 beati
1390 3387 1493 3472 qui
1522 3387 1772 3450 deorum

991 3473 1346 3538 Muneribus
1373 3473 1677 3556 sapienter
1703 3474 1795 3536 uti
1908 3481 1917 3490 ’

821 3558 1171 3642 Duramque
1195 3560 1377 3622 callet
1407 3559 1749 3643 pauperiem
1776 3557 1926 3642 pati,

821 3645 1128 3728 Peiusque
1157 3645 1280 3708 leto
1308 3645 1600 3728 flagitium
1630 3643 1823 3725 timet,

903 3712 1045 3795 Non
1073 3731 1172 3793 ille
1204 3752 1312 3812 pro
1341 3731 1497 3802 caris
1526 3730 1730 3794 amicis

992 3814 1127 3879 Aut
1154 3817 1350 3901 patria
1370 3817 1615 3881 timidus
1642 3815 1863 3900 perire.

2488 2815 2553 2864 40

2487 3241 2552 3290 45
