2742 4417
1287 327 1633 401 CARMINUM

481 553 483 557 -
589 510 683 574 At
707 516 794 588 tu,
825 516 1033 589 nauta,
1064 529 1255 592 vagae
1284 529 1361 572 ne
1393 528 1574 592 parce
1604 486 1901 591 malignus
1932 528 2152 571 arenae

590 680 960 745 Particulam
989 680 1172 743 dare:

675 767 986 829 Fluctibus
1015 766 1332 849 Hesperiis
1383 763 1732 849 Venusinae

588 853 946 915 Plectantur
974 852 1157 914 silvae
1211 860 1272 913 te
1302 850 1545 933 sospite,
1574 849 1883 932 multaque
1913 870 2145 913 merces

550 972 555 976 ·
673 937 856 1001 Unde
888 946 1087 1021 potest
1138 936 1244 999 tibi
1274 936 1500 998 defluat
1538 955 1731 1016 aequo

591 1023 694 1086 Ab
723 1022 878 1086 Jove
933 1022 1340 1105 Neptunoque
1371 1019 1529 1083 sacri
1554 1019 1801 1082 custode
1833 1018 2100 1083 Tarenti.

675 1108 738 1171 N
742 1109 951 1190 egligis
980 1108 1289 1170 immeritis
1319 1106 1651 1169 nocituram

589 1194 911 1256 Postmodo
943 1201 1003 1255 te
1035 1194 1190 1256 natis
1219 1192 1496 1254 fraudem
1525 1188 1947 1255 committere?
2034 1188 2187 1253 Fors
2217 1194 2282 1254 et
2406 1267 2412 1270 q

675 1279 909 1343 Debita·
916 1280 1060 1362 jura
1089 1278 1369 1361 vicesque
1404 1278 1700 1359 superbae
1760 1320 1763 1324 -
2338 1272 2347 1281 '

589 1364 676 1427 Te
707 1372 987 1427 maneant
1015 1364 1246 1447 ipsum:
1298 1363 1575 1446 precibus
1604 1385 1724 1426 non
1751 1362 1990 1445 linquar
2016 1358 2243 1444 inultiS,

675 1449 882 1533 Teque
916 1450 1152 1533 piacula
1180 1449 1346 1511 nulla
1381 1449 1703 1511 resolvent.

590 1532 967 1618 Quamquam
998 1535 1282 1624 festinas}
1300 1556 1421 1597 non
1450 1541 1543 1596 est
1570 1556 1739 1599 mora
1766 1536 1949 1617 longa
1971 1552 1989 1609 ;
2032 1529 2240 1594 licebit

675 1620 910 1705 Injecto
939 1628 1034 1685 ter
1062 1622 1311 1706 pulvere
1342 1640 1571 1683 curras.

681 595 930 659 Ossibus
963 603 1024 658 et
1055 595 1236 679 capiti
1264 594 1574 657 inhumato

1264 680 1353 743 sic
1408 678 1807 761 quodcunque
1830 678 2153 742 minabitur
2178 677 2379 757 Eurus
2436 697 2496 745 25

1038 2047 1500 2113 CARMEN
1558 2046 1879 2111 XXIX.

756 2440 763 2446 -
847 2390 1012 2471 1001,
1039 2389 1234 2453 beatis
1261 2411 1423 2453 nunc
1453 2389 1729 2453 Arabum
1751 2358 1986 2463 invides

851 2475 1052 2555 Gazis,
1083 2481 1148 2538 et
1175 2497 1375 2539 acrem
1404 2475 1675 2538 militiam
1705 2496 1883 2558 paras

931 2562 1075 2627 Non
1105 2569 1244 2625 ante
1275 2561 1527 2625 devictis
1564 2559 1836 2623 Sabaeae

1021 2648 1314 2731 Regibus,
1341 2646 1727 2729 horribilique
1758 2645 1943 2708 Medo

843 2732 910 2797 N
913 2733 1062 2798 ectis
1091 2740 1336 2796 catenas
1362 2732 1389 2796 ’.Ρ
1481 2731 1651 2805 Quae
1682 2731 1789 2793 tibi
1817 2728 2137 2812 virginum,

851 2817 1082 2902 Sponso
1111 2826 1326 2881 necato
1380 2818 1639 2880 barbara
1666 2816 1936 2879 serviet?

927 2904 1094 2967 Puer
1123 2903 1256 2986 quis
1287 2924 1362 2965 ex
1393 2903 1531 2965 aula
1561 2902 1789 2985 capillis

1014 2988 1120 3052 Ad
1151 2990 1439 3071 cyathum
1474 2994 1775 3051 statuetur
1808 2984 2028 3064 unctiS,
2129 3005 2135 3009 ·

847 3074 1080 3139 Doctus
1111 3074 1360 3156 sagittas
1392 3073 1642 3137 tendere
1678 3072 1915 3135 Sericas

846 3160 1020 3223 Arcu
1050 3158 1348 3243 paterno?
1440 3158 1589 3232 Quis
1617 3164 1802 3241 neget
1828 3153 2033 3219 arduis

932 3245 1162 3308 Pronos
1194 3246 1382 3309 relabi
1410 3266 1581 3327 posse
1612 3244 1770 3307 rivos

1020 3330 1330 3398 Montibus
1359 3338 1423 3393 et
1451 3330 1717 3393 Tiberim
1744 3325 1992 3404 reverti,

851 3413 1009 3479 Cum
1055 3422 1122 3478 tu
1177 3420 1486 3501 coe‘mptos
1516 3414 1783 3499 undique
1814 3411 2030 3476 nobilis

844 3501 1057 3566 Libros
1087 3502 1342 3565 Panaeti
1398 3498 1769 3565 Socraticam
1798 3506 1861 3562 et
1889 3498 2131 3561 domum

932 3586 1178 3651 Mutare
1209 3586 1407 3650 loricis
1434 3584 1687 3653 Hiberis

1019 3672 1328 3737 Pollicitus
1355 3673 1605 3737 meliora
1654 3667 1899 3735 tendis?
2022 3698 2030 3705 ·

1906 3872 1946 3993 s
2002 3914 2071 3992 [ι
2139 3925 2175 3974 ”’

2440 1122 2509 1192 3ο

2440 3172 2569 3223 10.

2440 3598 2499 3648 15
