2742 4417
453 347 581 412 234
1260 360 1383 410 aas
1424 345 1719 410 roiich.

453 515 539 580 Et
566 513 858 600 spondere
886 512 1007 578 levi
1035 533 1144 598 pro
1170 534 1436 598 paupere
1465 517 1531 578 et
1555 513 1788 598 eripere
1817 513 1963 578 atris

453 600 689 666 Litibus
717 599 1091 684 implicitum,
1121 599 1381 662 mirabor
1408 599 1461 662 si
1488 598 1640 662 sciet
1666 599 1845 662 inter-

451 684 722 750 Noscere
749 683 1101 748 mendacem
1127 704 1456 767 verumque
1483 683 1697 747 beatus
1731 683 2004 746 amicum.

453 771 548 834 Tu
576 792 685 835 seu
714 769 953 833 donan’s
981 789 1090 832 scu
1119 768 1266 851 quid
1293 769 1519 832 donare
1549 769 1713 832 voles
1742 768 1864 847 cui,

453 856 659 920 Nolito
688 855 767 919 ad
795 875 1005 918 versus
1035 854 1146 918 tibi
1173 853 1365 917 factos
1397 854 1623 918 ducere
1652 854 1894 936 plenum
1960 911 1965 916 .

453 940 790 1017 Laetitiae;
835 939 1114 1004 clamabit
1141 939 1299 1002 enim
1327 937 1621 1003 Pulchre!
1664 935 1857 1003 bene!
1904 933 2109 1002 recte!

452 1026 758 1091 Pallescet
783 1045 964 1108 super
990 1024 1106 1103 his,
1138 1024 1320 1087 etiam
1347 1022 1595 1087 stillabit
1622 1021 1827 1085 amicis

431 1111 552 1174 'Ex
579 1111 764 1174 oculis
793 1131 1010 1189 rorem,
1040 1108 1234 1188 saliet,
1267 1108 1485 1176 tundet
1512 1107 1667 1205 pede
1696 1112 1943 1170 terram.

397 1263 404 1268 ,
453 1194 547 1258 Ut
575 1196 678 1278 qui
707 1194 987 1258 conducti
1015 1195 1254 1278 plorant
1281 1193 1344 1257 in
1373 1194 1588 1256 funere
1616 1192 1827 1255 dicunt

453 1279 540 1344 Et
567 1281 798 1344 faciunt
823 1299 1008 1362 prope
1037 1279 1212 1362 plura
1239 1278 1574 1341 dolentibus
1604 1298 1681 1341 ex
1709 1276 1929 1357 anime,
1958 1273 2045 1342 sio

452 1363 702 1428 Derisor
729 1385 873 1428 vero
903 1365 1036 1448 plus
1064 1363 1375 1426 laudatore
1402 1368 1697 1426 movetur.

453 1450 660 1532 Reges
687 1449 971 1513 dicuntur
998 1449 1200 1511 multis
1227 1469 1450 1531 urgere
1480 1447 1715 1512 culullis

454 1533 541 1598 Et
568 1540 848 1618 torquere
877 1554 1042 1597 mero
1071 1554 1250 1616 quem
1278 1534 1653 1617 perspexisse
1681 1532 1977 1611 laborant,

452 1619 560 1684 An
587 1619 666 1683 sit
693 1618 955 1689 amicitia
983 1618 1240 1700 dignus:
1288 1618 1339 1682 si
1369 1619 1635 1682 carmina
1664 1617 1885 1681 condes

452 1704 785 1789 Nunquam
812 1709 874 1767 te
903 1703 1115 1766 fallant
1144 1702 1325 1767 animi
1352 1704 1463 1767 sub
1493 1705 1673 1786 vulpe
1700 1703 1981 1766 latentes.

455 1788 743 1862 Quintilio
772 1789 824 1853 si
855 1789 1000 1872 quid
1027 1789 1340 1867 recitares,
1370 1792 1414 1827 “
1434 1788 1685 1871 Coi-rige
1714 1787 1889 1851 sodes

452 1873 660 1954 Hoc‚”
692 1874 912 1954 aiebat,
945 1877 986 1911 “
1009 1879 1073 1936 et
1099 1872 1251 1938 hoc:
1275 1873 1317 1904 ”
1351 1875 1563 1938 melius
1593 1881 1655 1938 te
1684 1893 1858 1956 posse
1886 1889 2145 1958 negares

452 1957 563 2023 Bis
591 1966 805 2043 terque
837 1964 1151 2043 expertum
1179 1959 1427 2038 frustra,
1458 1959 1661 2023 delere
1681 1959 1939 2041 jubebat

453 2043 540 2108 Et
565 2045 720 2107 male
752 2051 1018 2108 tornatos
1045 2043 1250 2106 incudi
1277 2043 1534 2108 reddere
1565 2065 1797 2108 versus.

456 2127 526 2194 Si
555 2129 881 2193 defendere
911 2127 1199 2192 delictum
1227 2146 1411 2212 quam
1438 2135 1676 2194 vertere
1708 2130 1941 2208 malles,

451 2212 707 2278 Nullum
733 2215 896 2278 ultra
921 2215 1171 2277 verbum
1201 2220 1308 2277 aut
1335 2235 1580 2301 operam
1607 2215 1949 2279 insumebat
1974 2213 2214 2278 inanem

453 2298 616 2374 Quin
643 2301 772 2364 sine
802 2300 974 2364 rivali
1005 2308 1186 2382 teque
1216 2305 1280 2363 et
1309 2305 1417 2362 tua
1442 2301 1601 2364 solus
1630 2321 1885 2365 amares.

450 2384 572 2451 Vir
597 2386 787 2450 bonus
817 2391 880 2450 et
907 2386 1172 2470 prudens
1201 2405 1411 2449 versus
1441 2385 1844 2470 reprehendet
1870 2385 2120 2464 incrteS,
2152 2453 2156 2457 ,

453 2471 739 2557 Culpabit
767 2471 970 2551 duros,
999 2471 1315 2556 incomptis
1345 2470 1572 2536 adlinet
1600 2477 1797 2535 atrum

451 2557 747 2623 {traverso
776 2559 1003 2621 calamo
1033 2557 1292 2640 signum,
1323 2557 1635 2622 ambitiosa
1664 2556 1899 2620 recidet

453 2641 848 2719 ornamenta,
878 2662 1090 2726 parum
1121 2643 1298 2706 claris
1323 2643 1523 2705 lucem
1553 2642 1699 2706 dare
1730 2646 1929 2724 coget,

448 2727 695 2810 Arguet
723 2726 1000 2810 ambigue
1031 2727 1281 2806 dictum,
1309 2709 1605 2790 miitanda
1631 2728 1886 2805 notabit,

447 2811 589 2877 Fiet
615 2812 1006 2876 Aristarchus
1029 2832 1046 2889 ;
1090 2833 1214 2892 non
1239 2810 1435 2875 dicet:
1472 2815 1513 2848 ‘⁶
1538 2811 1665 2892 Cin·
1694 2833 1807 2895 ego
1836 2809 2094 2874 amicum

451 2895 767 2960 Offendam
794 2897 858 2959 in
887 2895 1158 2979 nugis?”
1249 2895 1389 2959 Hae
1420 2917 1619 2978 nugae
1648 2898 1806 2964 seria
1834 2896 2061 2959 ducent

447 2981 528 3046 In
555 2983 713 3046 mala
741 2981 1016 3046 derisum.
1031 2981 1218 3045 semel
1247 2987 1687 3064 exceptumque
1716 2982 1975 3046 sinistre.

447 3067 540 3133 Ut
565 3069 724 3132 mala
753 3089 932 3152 quem
961 3066 1192 3131 scabies
1224 3071 1332 3130 aut
1359 3067 1599 3130 morbus
1628 3067 1832 3150 regius
1860 3070 2043 3150 urget

447 3154 584 3219 Aut
611 3154 908 3219 fanaticus
936 3173 1104 3217 error
1133 3158 1196 3215 et
1223 3150 1515 3227 iracunda
1541 3151 1759 3231 Diana,

447 3239 761 3305 'Vesanum
790 3238 1058 3322 tetigisse
1091 3238 1302 3301 timent
1328 3237 1693 3322 fugiuntque
1724 3240 1965 3324 poetam

449 3324 568 3399 Qui
595 3326 868 3410 sapiunt3
913 3323 1147 3408 agitant
1176 3323 1348 3408 pueri
1382 3323 1727 3408 incautique
1758 3326 2115 3407 sequuntur.

444 3410 592 3490 Hic,
624 3411 766 3474 dum
795 3410 1060 3474 sublimis
1089 3429 1304 3489 versus·
1329 3415 1607 3472 ructatur
1634 3416 1699 3474 et
1727 3414 1913 3489 errat,

449 3494 519 3561 Si
547 3497 734 3559 voluti
761 3496 1004 3560 merulis
1031 3495 1299 3560 intentus
1327 3495 1555 3559 decidit
1586 3515 1809 3580 auceps

444 3580 524 3645 In
551 3587 798 3663 puteum
824 3580 1156 3662 foveamve‚
1184 3582 1351 3662 licet,
1380 3585 1421 3618 ‘⁶
1448 3579 1863 3661 Succurrite,''
1894 3580 2139 3663 longum

445 3665 707 3747 Clamet,
735 3670 776 3703 “
798 3665 870 3730 Io
899 3667 1060 3732 cives
1085 3667 1158 3734 !''
1202 3689 1326 3731 non
1353 3667 1432 3731 sit
1458 3667 1564 3750 qui
1592 3668 1801 3732 tollere
1830 3672 2047 3730 curet.-

449 3750 518 3819 Si
547 3757 720 3815 curet
748 3752 882 3835 quis
911 3774 1085 3837 opem
1113 3753 1274 3816 ferre
1305 3758 1370 3816 et
1398 3752 1716 3816 demittere
1744 3752 1973 3830 funem,

445 3840 491 3878 “
513 3834 634 3914 Qui
659 3837 778 3904 scis
807 3858 886 3904 an
915 3837 1178 3924 prudens
1205 3837 1326 3904 huc
1355 3857 1423 3904 se
1452 3837 1775 3924 projecerit
1801 3843 1984 3922 atque

2437 1125 2535 1173 430

2370 1549 2535 1600 ·435

2342 1973 2535 2036 ‚⁴⁴⁰

2433 3250 2531 3302 «55
