2742 4417
952 364 1081 411 LIB.
1122 363 1167 411 1.
1213 322 1416 411 amem.
1465 362 1590 411 vn„

228 522 271 555 “
292 516 439 581 Nou
467 517 659 581 invisa
686 518 845 583 feres
876 518 1077 600 pueris
1107 518 1463 581 munuscula
1491 515 1762 601 parvis.’'

229 608 271 641 ‘⁴
293 604 447 667 Tam
478 613 685 667 teneor
715 604 892 682 donc,
924 624 1104 687 quam
1136 605 1186 667 si
1218 604 1485 666 dimittar
1515 600 1826 665 onustuS.'’

228 694 269 727 ‘⁶
292 688 395 776 Ut
420 691 605 766 libet3
650 691 801 752 haec
834 690 1029 772 porcis
1058 689 1235 752 hodie
1268 688 1638 752 comedenda
1668 688 2035 772 relinques-’'

226 774 532 857 Prodigus
562 784 625 838 et
654 777 873 839 stultus
904 776 1087 837 donat
1118 796 1272 858 quae
1302 775 1534 859 spernit
1559 784 1623 837 et
1651 775 1778 837 odit
1805 795 1821 851 ;

228 862 406 925 Haec
438 883 615 943 seges
644 862 912 943 ingratos
942 862 1081 923 tulit
1111 872 1175 923 et
1202 862 1361 923 feret
1391 861 1662 923 omnibus
1691 862 1881 924 annis.

227 946 348 1010 Vir
377 948 569 1010 bonus
600 955 665 1010 et
692 947 931 1031 sapiens
962 947 1159 1029 dignis
1188 947 1273 1009 ait
1304 968 1436 1011 esse
1471 956 1738 1029 paratus,

227 1032 291 1095 N
295 1055 365 1095 ec
399 1042 601 1097 tamen
632 1033 871 1116 ignorat
900 1033 1044 1116 quid
1077 1033 1301 1096 distent
1332 1054 1476 1095 aera
1503 1033 1756 1116 lupinis:

225 1118 495 1202 Dignum
527 1120 847 1203 praestabo
876 1140 972 1181 me
1003 1119 1182 1181 etiam
1214 1140 1323 1201 pro
1352 1118 1531 1180 laude
1563 1119 1865 1183 merentis·

227 1204 458 1278 Quodsi
488 1226 585 1267 me
617 1206 785 1267 noles
814 1226 1069 1287 usquam
1101 1204 1438 1282 discedere,
1470 1204 1688 1267 reddes

226 1290 411 1353 Forte
442 1292 624 1369 latuS,
654 1292 856 1373 nigros
888 1300 1145 1372 angusta
1173 1291 1372 1352 fronte
1405 1290 1670 1373 capiIIOS,

227 1376 477 1440 Reddes
508 1376 901 1459 dulce-loqui,
934 1376 1151 1439 reddes
1180 1376 1380 1439 ridere
1413 1376 1695 1438 decorum
1726 1382 1790 1438 et

226 1461 403 1525 Inter
434 1464 575 1525 vina
603 1463 811 1544 fugam
842 1461 1099 1525 Cinarae
1132 1482 1402 1525 maerere
1436 1469 1768 1545 protervae.

226 1548 411 1611 Forte
447 1570 557 1632 per
585 1557 901 1631 angustam
933 1549 1129 1611 tenuis
1160 1549 1480 1631 vulpecula
1509 1548 1717 1609 rimam

226 1634 533 1718 Repserat
561 1634 623 1696 in
654 1656 957 1697 cumeram
988 1634 1294 1711 frumenti,
1327 1641 1619 1717 pastaque
1652 1652 1862 1695 rursus

205 1720 329 1805 'Ire
362 1722 523 1783 foras
546 1721 721 1803 pleno
752 1720 1041 1782 tendebat
1082 1740 1329 1802 corpore
1360 1720 1626 1794 frustra3

228 1805 345 1869 Cui
374 1807 633 1869 mustela
658 1807 891 1889 procul,
922 1811 962 1841 “
991 1804 1056 1867 Si
1088 1806 1243 1884 vis,'·’
1279 1806 1387 1883 ait,
1417 1812 1454 1843 “
1477 1806 1741 1888 effugere
1773 1804 1972 1885 istinc,
2005 1874 2012 1881 ,

224 1892 447 1955 Macra
476 1914 689 1967 cavum
720 1886 959 1975 repetes
990 1901 1186 1955 artum
1218 1914 1399 1975 quem
1429 1912 1632 1953 macra
1662 1891 1938 1954 subisti.'’

225 1978 367 2041 Hac
400 2000 516 2061 ego
548 1979 598 2041 si
630 1979 953 2060 compellor
982 1978 1237 2060 imagine
1270 1985 1492 2040 cuncta
1521 1978 1800 2059 resign03

224 2064 364 2128 Nec
396 2086 668 2128 somnum
699 2064 887 2147 plebis
916 2064 1095 2126 laudo
1126 2073 1297 2126 satur
1326 2064 1597 2142 altilium,
1630 2084 1742 2126 nec

227 2150 375 2214 Otia
402 2151 629 2213 divitiis
659 2150 933 2213 Arabum
968 2150 1270 2212 liberrima
1299 2157 1485 2212 muto.

228 2236 428 2321 Saepe
462 2236 868 2299 verecundum
896 2236 1172 2313 laudasti,
1202 2256 1429 2319 rexque
1461 2242 1754 2319 paterque

222 2324 477 2386 Audisti
507 2344 728 2400 coram,
758 2342 871 2385 nec
907 2323 1087 2385 verbo
1118 2322 1356 2405 parcius
1388 2323 1602 2385 absens
1628 2344 1644 2385 z

224 2408 472 2493 Inspice
504 2410 554 2471 si
587 2429 825 2492 possum
856 2408 1077 2471 donata
1106 2430 1396 2491 reponere
1428 2409 1640 2471 laetus.

224 2494 419 2557 Haud
449 2496 603 2557 male
636 2494 1052 2571 TelemachuS,
1085 2496 1279 2577 proles
1310 2494 1593 2577 patientis
1626 2493 1866 2557 Ulixei:
1953 2517 1958 2523 ·

226 2586 266 2616 “
290 2580 355 2643 N
359 2604 438 2643 on
470 2588 561 2643 est
592 2589 765 2663 aptus
798 2581 967 2675 equis
1000 2580 1209 2643 Ithace
1241 2581 1430 2657 locuS,
1462 2588 1531 2641 ut
1559 2601 1755 2663 neque
1787 2579 1980 2663 planis

228 2665 557 2729 Porrectus
588 2667 795 2749 spatiis
827 2687 937 2728 nec
969 2667 1191 2729 multae
1223 2667 1509 2750 prodigus
1539 2667 1801 2743 herbae3

226 2752 477 2830 Atride,
507 2752 697 2834 magis
728 2760 871 2835 apta
902 2752 1008 2813 tibi
1039 2759 1144 2813 tua
1174 2752 1331 2821 dona
1361 2752 1760 2835 relinquam.’'

228 2837 498 2901 Parvum
529 2839 1005 2921 parva’decentz
1051 2839 1193 2900 mihi
1215 2840 1341 2922 jam
1371 2860 1490 2900 non
1523 2840 1691 2920 regia
1723 2838 1940 2919 Roma,

230 2922 357 2989 Sed
388 2945 646 2987 vacuum
678 2920 867 2985 Tibur
893 2926 1093 3007 placet
1123 2934 1230 2986 aut
1258 2925 1496 2986 imbelle
1527 2925 1873 2987 Tarentum.

232 3010 531 3073 Strenuus
563 3018 625 3073 et
652 3010 823 3073 fortis
855 3010 1169 3093 causisque
1204 3010 1515 3095 Philippus
1545 3011 1797 3093 agendis

231 3096 447 3160 Clarus
479 3096 554 3158 ab
582 3096 785 3159 'officiis
816 3104 1089 3158 octavam
1120 3097 1360 3159 circiter
1389 3098 1593 3159 horam
1881 3104 1884 3107 ’

227 3182 391 3245 Dum
420 3182 602 3260 redit,
634 3190 817 3265 atque
848 3182 1002 3244 Foro
1032 3182 1278 3245 nimium
1310 3183 1535 3246 distare
1568 3182 1818 3246 Carinas

228 3268 270 3331 J
272 3290 370 3331 am
400 3268 650 3351 grandis
680 3276 828 3330 natu
860 3269 1154 3351 queritur,
1187 3271 1519 3353 conspexit,
1551 3276 1618 3331 ut
1650 3269 1839 3348 aiunt,

226 3354 539 3417 Adrasum
568 3352 870 3437 quendam
902 3375 1093 3417 vacua
1126 3356 1378 3417 tonsoris
1407 3356 1468 3417 in
1497 3355 1712 3417 umbra

231 3438 490 3503 Cultello
523 3442 789 3524 proprios
819 3450 1177 3523 purgantem
1206 3442 1427 3504 leniter
1455 3462 1705 3523 ungnes.

229 3530 272 3562 ‘⁸
298 3526 643 3603 Demetri,''
664 3560 752 3573 —
770 3547 924 3609 puer
952 3526 1048 3589 hic
1079 3548 1197 3589 non
1228 3528 1397 3589 laeve
1419 3529 1593 3611 jussa
1623 3526 1884 3609 Philippi

228 3610 591 3695 Accipiebat
611 3648 699 3659 -—
722 3616 763 3648 “
781 3612 899 3691 abi,
932 3634 1156 3694 quaere
1189 3619 1253 3676 et
1270 3614 1466 3693 refer,
1491 3613 1651 3676 unde
1686 3612 1880 3693 d0m0,
1911 3612 2066 3697 quis,

230 3696 417 3782 Cujus
447 3698 748 3776 fortunae,
780 3720 899 3781 quo
928 3700 1008 3761 sit
1036 3706 1207 3783 patre
1240 3720 1434 3782 quove
1464 3699 1782 3783 patron0.'’

229 3782 310 3862 It,
340 3784 503 3847 redit
532 3791 597 3847 et
624 3792 855 3862 narrat,
892 3784 1201 3849 Volteium
1230 3786 1468 3849 nomine
1499 3785 1769 3864 Menam,

230 3867 621 3952 Praeconem,
652 3870 821 3935 tenui
851 3891 1059 3953 censu,
1088 3870 1216 3937 sine
1248 3872 1518 3955 crimine,
1535 3878 1756 3937 -notum

2196 346 2322 413 191

2248 2514 2314 2562 ⁴0
