<?xml version="1.0" encoding="UTF-8"?>
<!DOCTYPE html PUBLIC "-//W3C//DTD XHTML 1.0 Transitional//EN"
    "http://www.w3.org/TR/xhtml1/DTD/xhtml1-transitional.dtd">
<html xmlns="http://www.w3.org/1999/xhtml" xml:lang="en" lang="en">
 <head>
  <title>
</title>
<meta http-equiv="Content-Type" content="text/html;charset=utf-8" />
  <meta name='ocr-system' content='tesseract 3.04.00' />
  <meta name='ocr-capabilities' content='ocr_page ocr_carea ocr_par ocr_line ocrx_word'/>
</head>
<body>
  <div class='ocr_page' id='page_1' title='image "./workshoracewith01chasgoog/workshoracewith01chasgoog_0041.png"; bbox 0 0 2742 4417; ppageno 0'>
   <div class='ocr_carea' id='block_1_1' title="bbox 885 327 2309 390">
    <p class='ocr_par' dir='ltr' id='par_1_1' title="bbox 885 327 2309 390">
     <span class='ocr_line' id='line_1_1' title="bbox 885 327 2309 390; baseline 0.001 -1"><span class='ocrx_word' id='word_1_1' title='bbox 885 353 890 359; x_wconf 93' lang='lat'><strong>·</strong></span> <span class='ocrx_word' id='word_1_2' title='bbox 935 342 1067 389; x_wconf 75' lang='lat' dir='ltr'>Lm.</span> <span class='ocrx_word' id='word_1_3' title='bbox 1113 342 1162 389; x_wconf 92' lang='lat'>1.</span> <span class='ocrx_word' id='word_1_4' title='bbox 1209 342 1408 389; x_wconf 76' lang='lat' dir='ltr'>cARM.</span> <span class='ocrx_word' id='word_1_5' title='bbox 1455 341 1617 388; x_wconf 80' lang='lat' dir='ltr'><strong>xxv.</strong></span> <span class='ocrx_word' id='word_1_6' title='bbox 1670 338 1675 345; x_wconf 90' lang='lat'>·</span> <span class='ocrx_word' id='word_1_7' title='bbox 2238 327 2309 390; x_wconf 74' lang='lat'>21</span> 
     </span>
    </p>
   </div>
   <div class='ocr_carea' id='block_1_2' title="bbox 651 493 2323 1350">
    <p class='ocr_par' dir='ltr' id='par_1_2' title="bbox 664 493 1981 655">
     <span class='ocr_line' id='line_1_2' title="bbox 664 493 1981 581; baseline 0 -21"><span class='ocrx_word' id='word_1_8' title='bbox 664 495 759 561; x_wconf 72' lang='lat' dir='ltr'>Tu</span> <span class='ocrx_word' id='word_1_9' title='bbox 787 496 1012 559; x_wconf 85' lang='lat' dir='ltr'>frustra</span> <span class='ocrx_word' id='word_1_10' title='bbox 1040 496 1186 581; x_wconf 83' lang='lat' dir='ltr'>pius·</span> <span class='ocrx_word' id='word_1_11' title='bbox 1214 493 1337 559; x_wconf 89' lang='lat' dir='ltr'>heu</span> <span class='ocrx_word' id='word_1_12' title='bbox 1382 516 1507 559; x_wconf 89' lang='lat' dir='ltr'>non</span> <span class='ocrx_word' id='word_1_13' title='bbox 1551 493 1640 559; x_wconf 86' lang='lat' dir='ltr'>ita</span> <span class='ocrx_word' id='word_1_14' title='bbox 1686 496 1981 561; x_wconf 87' lang='lat' dir='ltr'>creditum</span> 
     </span>
     <span class='ocr_line' id='line_1_3' title="bbox 750 581 1575 655; baseline 0 -10"><span class='ocrx_word' id='word_1_15' title='bbox 750 581 958 647; x_wconf 86' lang='lat' dir='ltr'>Poscis</span> <span class='ocrx_word' id='word_1_16' title='bbox 991 581 1383 655; x_wconf 76' lang='lat' dir='ltr'>Quinctilium</span> <span class='ocrx_word' id='word_1_17' title='bbox 1412 582 1575 645; x_wconf 87' lang='lat' dir='ltr'>deos.</span> 
     </span>
    </p>

    <p class='ocr_par' dir='ltr' id='par_1_3' title="bbox 668 665 1806 751">
     <span class='ocr_line' id='line_1_4' title="bbox 668 665 1806 751; baseline 0 -20"><span class='ocrx_word' id='word_1_18' title='bbox 668 666 843 741; x_wconf 90' lang='lat' dir='ltr'>Quod</span> <span class='ocrx_word' id='word_1_19' title='bbox 867 668 918 731; x_wconf 88' lang='lat' dir='ltr'>si</span> <span class='ocrx_word' id='word_1_20' title='bbox 946 667 1224 733; x_wconf 70' lang='lat' dir='ltr'>Threicio</span> <span class='ocrx_word' id='word_1_21' title='bbox 1253 667 1528 731; x_wconf 85' lang='lat' dir='ltr'>blandius</span> <span class='ocrx_word' id='word_1_22' title='bbox 1563 665 1806 751; x_wconf 92' lang='lat' dir='ltr'>Orpheo</span> 
     </span>
    </p>

    <p class='ocr_par' dir='ltr' id='par_1_4' title="bbox 664 753 1941 847">
     <span class='ocr_line' id='line_1_5' title="bbox 664 753 1941 847; baseline -0.001 -30"><span class='ocrx_word' id='word_1_23' title='bbox 664 753 959 817; x_wconf 86' lang='lat' dir='ltr'>Auditam</span> <span class='ocrx_word' id='word_1_24' title='bbox 989 754 1299 815; x_wconf 84' lang='lat' dir='ltr'>moderere</span> <span class='ocrx_word' id='word_1_25' title='bbox 1330 753 1639 847; x_wconf 82' lang='lat' dir='ltr'>arboribus</span> <span class='ocrx_word' id='word_1_26' title='bbox 1668 754 1873 834; x_wconf 89' lang='lat' dir='ltr'>fidem,</span> <span class='ocrx_word' id='word_1_27' title='bbox 1926 761 1941 773; x_wconf 83' lang='grc'><em>“</em></span> 
     </span>
    </p>

    <p class='ocr_par' dir='ltr' id='par_1_5' title="bbox 665 839 2321 922">
     <span class='ocr_line' id='line_1_6' title="bbox 665 839 2321 922; baseline -0.001 -19"><span class='ocrx_word' id='word_1_28' title='bbox 665 839 731 903; x_wconf 84' lang='lat' dir='ltr'>N</span> <span class='ocrx_word' id='word_1_29' title='bbox 734 861 810 902; x_wconf 87' lang='lat' dir='ltr'>on</span> <span class='ocrx_word' id='word_1_30' title='bbox 840 860 1030 901; x_wconf 79' lang='lat' dir='ltr'>vanae</span> <span class='ocrx_word' id='word_1_31' title='bbox 1063 839 1275 901; x_wconf 85' lang='lat' dir='ltr'>redeat</span> <span class='ocrx_word' id='word_1_32' title='bbox 1303 839 1561 920; x_wconf 87' lang='lat' dir='ltr'>sanguis</span> <span class='ocrx_word' id='word_1_33' title='bbox 1577 839 1844 922; x_wconf 88' lang='lat' dir='ltr'>imagini,</span> <span class='ocrx_word' id='word_1_34' title='bbox 2260 859 2321 907; x_wconf 86' lang='lat'>15</span> 
     </span>
    </p>

    <p class='ocr_par' dir='ltr' id='par_1_6' title="bbox 651 906 2063 1006">
     <span class='ocr_line' id='line_1_7' title="bbox 651 906 2063 1006; baseline -0.002 -19"><span class='ocrx_word' id='word_1_35' title='bbox 651 944 660 953; x_wconf 78' lang='lat'><strong>·</strong></span> <span class='ocrx_word' id='word_1_36' title='bbox 754 906 949 998; x_wconf 84' lang='lat' dir='ltr'>Quam</span> <span class='ocrx_word' id='word_1_37' title='bbox 983 925 1153 1006; x_wconf 82' lang='lat' dir='ltr'>virga</span> <span class='ocrx_word' id='word_1_38' title='bbox 1183 925 1369 987; x_wconf 88' lang='lat' dir='ltr'>semel</span> <span class='ocrx_word' id='word_1_39' title='bbox 1399 924 1641 986; x_wconf 86' lang='lat' dir='ltr'>horrida</span> <span class='ocrx_word' id='word_1_40' title='bbox 2054 948 2063 959; x_wconf 91' lang='lat'><strong>·</strong></span> 
     </span>
    </p>

    <p class='ocr_par' dir='ltr' id='par_1_7' title="bbox 665 1009 1799 1093">
     <span class='ocr_line' id='line_1_8' title="bbox 665 1009 1799 1093; baseline 0 -20"><span class='ocrx_word' id='word_1_41' title='bbox 665 1010 808 1073; x_wconf 91' lang='lat' dir='ltr'>Non</span> <span class='ocrx_word' id='word_1_42' title='bbox 837 1011 988 1072; x_wconf 89' lang='lat' dir='ltr'>lenis</span> <span class='ocrx_word' id='word_1_43' title='bbox 1018 1009 1296 1093; x_wconf 87' lang='lat' dir='ltr'>precibus</span> <span class='ocrx_word' id='word_1_44' title='bbox 1326 1010 1456 1071; x_wconf 83' lang='lat' dir='ltr'>fata</span> <span class='ocrx_word' id='word_1_45' title='bbox 1485 1009 1799 1073; x_wconf 86' lang='lat' dir='ltr'>recludere</span> 
     </span>
    </p>

    <p class='ocr_par' dir='ltr' id='par_1_8' title="bbox 663 1094 1839 1179">
     <span class='ocr_line' id='line_1_9' title="bbox 663 1094 1839 1179; baseline -0.001 -20"><span class='ocrx_word' id='word_1_46' title='bbox 663 1095 860 1179; x_wconf 86' lang='lat' dir='ltr'>Nigro</span> <span class='ocrx_word' id='word_1_47' title='bbox 890 1094 1248 1179; x_wconf 88' lang='lat' dir='ltr'>compulerit</span> <span class='ocrx_word' id='word_1_48' title='bbox 1276 1094 1619 1157; x_wconf 89' lang='lat' dir='ltr'>Mercurius</span> <span class='ocrx_word' id='word_1_49' title='bbox 1650 1095 1839 1179; x_wconf 86' lang='lat' dir='ltr'>gregi.</span> 
     </span>
    </p>

    <p class='ocr_par' dir='ltr' id='par_1_9' title="bbox 665 1177 2323 1350">
     <span class='ocr_line' id='line_1_10' title="bbox 665 1177 2021 1263; baseline 0.001 -19"><span class='ocrx_word' id='word_1_50' title='bbox 665 1180 944 1245; x_wconf 84' lang='lat' dir='ltr'>Durum:</span> <span class='ocrx_word' id='word_1_51' title='bbox 1023 1177 1133 1243; x_wconf 85' lang='lat' dir='ltr'>sed</span> <span class='ocrx_word' id='word_1_52' title='bbox 1172 1179 1368 1242; x_wconf 88' lang='lat' dir='ltr'>levius</span> <span class='ocrx_word' id='word_1_53' title='bbox 1412 1182 1483 1243; x_wconf 87' lang='lat' dir='ltr'>fit</span> <span class='ocrx_word' id='word_1_54' title='bbox 1513 1181 1805 1263; x_wconf 82' lang='lat' dir='ltr'>patientia</span> <span class='ocrx_word' id='word_1_55' title='bbox 2016 1252 2021 1257; x_wconf 54' lang='grc'>,</span> 
     </span>
     <span class='ocr_line' id='line_1_11' title="bbox 736 1265 2323 1350; baseline 0.003 -21"><span class='ocrx_word' id='word_1_56' title='bbox 736 1265 1044 1350; x_wconf 87' lang='lat' dir='ltr'>Quidquid</span> <span class='ocrx_word' id='word_1_57' title='bbox 1074 1265 1377 1349; x_wconf 86' lang='lat' dir='ltr'>corrigere</span> <span class='ocrx_word' id='word_1_58' title='bbox 1410 1274 1503 1329; x_wconf 89' lang='lat' dir='ltr'>est</span> <span class='ocrx_word' id='word_1_59' title='bbox 1532 1267 1723 1329; x_wconf 85' lang='lat' dir='ltr'>nefas.</span> <span class='ocrx_word' id='word_1_60' title='bbox 2258 1288 2323 1333; x_wconf 70' lang='lat'>²0</span> 
     </span>
    </p>
   </div>
   <div class='ocr_carea' id='block_1_3' title="bbox 880 1678 1655 1757">
    <p class='ocr_par' dir='ltr' id='par_1_10' title="bbox 880 1678 1655 1757">
     <span class='ocr_line' id='line_1_12' title="bbox 880 1678 1655 1757; baseline -0.001 0"><span class='ocrx_word' id='word_1_61' title='bbox 880 1692 1336 1757; x_wconf 86' lang='lat' dir='ltr'><strong>GARMEN</strong></span> <span class='ocrx_word' id='word_1_62' title='bbox 1397 1678 1655 1757; x_wconf 89' lang='lat' dir='ltr'><strong>XXV.</strong></span> 
     </span>
    </p>
   </div>
   <div class='ocr_carea' id='block_1_4' title="bbox 981 1871 1487 1925">
    <p class='ocr_par' dir='ltr' id='par_1_11' title="bbox 981 1871 1487 1925">
     <span class='ocr_line' id='line_1_13' title="bbox 981 1871 1487 1925; baseline -0.008 -7"><span class='ocrx_word' id='word_1_63' title='bbox 981 1871 1487 1925; x_wconf 50' lang='grc' dir='ltr'>,”,,Ι..-),,ζιι.ἷῖ..·</span> 
     </span>
    </p>
   </div>
   <div class='ocr_carea' id='block_1_5' title="bbox 970 1936 1008 1957">
    <p class='ocr_par' dir='ltr' id='par_1_12' title="bbox 970 1936 1008 1957">
     <span class='ocr_line' id='line_1_14' title="bbox 970 1936 1008 1957; baseline 0 0"><span class='ocrx_word' id='word_1_64' title='bbox 970 1936 1008 1957; x_wconf 52' lang='grc' dir='ltr'>..ὃ</span> 
     </span>
    </p>
   </div>
   <div class='ocr_carea' id='block_1_6' title="bbox 601 1968 2325 3502">
    <p class='ocr_par' dir='ltr' id='par_1_13' title="bbox 601 1968 2325 3499">
     <span class='ocr_line' id='line_1_15' title="bbox 654 1968 1849 2123; baseline 0 -22"><span class='ocrx_word' id='word_1_65' title='bbox 654 2003 950 2103; x_wconf 54' lang='grc' dir='ltr'>Ῥἷιῑέῑᾶὲ</span> <span class='ocrx_word' id='word_1_66' title='bbox 969 2037 1216 2123; x_wconf 66' lang='lat' dir='ltr'>junctas</span> <span class='ocrx_word' id='word_1_67' title='bbox 1247 1968 1526 2120; x_wconf 71' lang='lat' dir='ltr'>quatiimt</span> <span class='ocrx_word' id='word_1_68' title='bbox 1552 2034 1849 2101; x_wconf 75' lang='lat' dir='ltr'>fenestras</span> 
     </span>
     <span class='ocr_line' id='line_1_16' title="bbox 663 2114 1749 2220; baseline -0.004 -33"><span class='ocrx_word' id='word_1_69' title='bbox 663 2119 894 2187; x_wconf 88' lang='lat' dir='ltr'>Ictibus</span> <span class='ocrx_word' id='word_1_70' title='bbox 926 2114 1152 2185; x_wconf 83' lang='lat' dir='ltr'>crebris</span> <span class='ocrx_word' id='word_1_71' title='bbox 1171 2115 1431 2220; x_wconf 35' lang='lat' dir='ltr'>juve-nes</span> <span class='ocrx_word' id='word_1_72' title='bbox 1462 2121 1749 2204; x_wconf 76' lang='lat' dir='ltr'>protervi,</span> 
     </span>
     <span class='ocr_line' id='line_1_17' title="bbox 666 2207 1877 2326; baseline -0.001 -54"><span class='ocrx_word' id='word_1_73' title='bbox 666 2208 804 2272; x_wconf 89' lang='lat' dir='ltr'>Nec</span> <span class='ocrx_word' id='word_1_74' title='bbox 835 2210 941 2272; x_wconf 89' lang='lat' dir='ltr'>tibi</span> <span class='ocrx_word' id='word_1_75' title='bbox 969 2228 1204 2297; x_wconf 82' lang='lat' dir='ltr'>somnos</span> <span class='ocrx_word' id='word_1_76' title='bbox 1223 2207 1529 2291; x_wconf 84' lang='lat' dir='ltr'>adimunt,</span> <span class='ocrx_word' id='word_1_77' title='bbox 1596 2213 1877 2326; x_wconf 84' lang='lat' dir='ltr'>amatque</span> 
     </span>
     <span class='ocr_line' id='line_1_18' title="bbox 1005 2284 1916 2372; baseline -0.002 -16"><span class='ocrx_word' id='word_1_78' title='bbox 1005 2284 1091 2356; x_wconf 88' lang='lat' dir='ltr'><strong>J</strong></span> <span class='ocrx_word' id='word_1_79' title='bbox 1052 2314 1212 2356; x_wconf 85' lang='lat' dir='ltr'>anua</span> <span class='ocrx_word' id='word_1_80' title='bbox 1227 2284 1503 2372; x_wconf 85' lang='lat' dir='ltr'>limen,</span> <span class='ocrx_word' id='word_1_81' title='bbox 1560 2293 1688 2331; x_wconf 50' lang='grc' dir='ltr'><strong><em>Μ</em></strong></span> <span class='ocrx_word' id='word_1_82' title='bbox 1739 2296 1767 2333; x_wconf 66' lang='lat'>.‘</span> <span class='ocrx_word' id='word_1_83' title='bbox 1804 2314 1815 2327; x_wconf 81' lang='lat'><strong>·</strong></span> <span class='ocrx_word' id='word_1_84' title='bbox 1874 2308 1916 2323; x_wconf 68' lang='grc'>·“</span> 
     </span>
     <span class='ocr_line' id='line_1_19' title="bbox 667 2377 2325 2463; baseline -0.002 -20"><span class='ocrx_word' id='word_1_85' title='bbox 667 2378 837 2453; x_wconf 84' lang='lat' dir='ltr'>Quae</span> <span class='ocrx_word' id='word_1_86' title='bbox 868 2378 1035 2463; x_wconf 85' lang='lat' dir='ltr'>prius</span> <span class='ocrx_word' id='word_1_87' title='bbox 1065 2380 1321 2441; x_wconf 89' lang='lat' dir='ltr'>multum</span> <span class='ocrx_word' id='word_1_88' title='bbox 1349 2377 1543 2441; x_wconf 83' lang='lat' dir='ltr'>facilis</span> <span class='ocrx_word' id='word_1_89' title='bbox 1571 2377 1851 2441; x_wconf 84' lang='lat' dir='ltr'>movebat</span> <span class='ocrx_word' id='word_1_90' title='bbox 2286 2397 2325 2449; x_wconf 74' lang='grc' dir='ltr'>ε</span> 
     </span>
     <span class='ocr_line' id='line_1_20' title="bbox 664 2463 1953 2550; baseline 0.002 -23"><span class='ocrx_word' id='word_1_91' title='bbox 664 2463 992 2541; x_wconf 76' lang='lat' dir='ltr'>Cardine83</span> <span class='ocrx_word' id='word_1_92' title='bbox 1041 2465 1214 2527; x_wconf 84' lang='lat' dir='ltr'>audis</span> <span class='ocrx_word' id='word_1_93' title='bbox 1243 2465 1441 2527; x_wconf 87' lang='lat' dir='ltr'>minus</span> <span class='ocrx_word' id='word_1_94' title='bbox 1471 2473 1536 2528; x_wconf 89' lang='lat' dir='ltr'>et</span> <span class='ocrx_word' id='word_1_95' title='bbox 1564 2467 1761 2528; x_wconf 84' lang='lat' dir='ltr'>minus</span> <span class='ocrx_word' id='word_1_96' title='bbox 1779 2467 1912 2550; x_wconf 86' lang='lat' dir='ltr'>jam</span> <span class='ocrx_word' id='word_1_97' title='bbox 1932 2487 1953 2530; x_wconf 74' lang='lat' dir='ltr'>x</span> 
     </span>
     <span class='ocr_line' id='line_1_21' title="bbox 657 2550 1795 2635; baseline 0 -20"><span class='ocrx_word' id='word_1_98' title='bbox 657 2556 699 2591; x_wconf 78' lang='lat'>‘⁴</span> <span class='ocrx_word' id='word_1_99' title='bbox 718 2550 826 2615; x_wconf 92' lang='lat' dir='ltr'>Me</span> <span class='ocrx_word' id='word_1_100' title='bbox 859 2557 964 2614; x_wconf 88' lang='lat' dir='ltr'>tuo</span> <span class='ocrx_word' id='word_1_101' title='bbox 991 2552 1205 2633; x_wconf 87' lang='lat' dir='ltr'>longas</span> <span class='ocrx_word' id='word_1_102' title='bbox 1234 2558 1531 2635; x_wconf 90' lang='lat' dir='ltr'>pereunte</span> <span class='ocrx_word' id='word_1_103' title='bbox 1562 2559 1795 2633; x_wconf 83' lang='lat' dir='ltr'>noctes,</span> 
     </span>
     <span class='ocr_line' id='line_1_22' title="bbox 1089 2636 1677 2722; baseline 0.003 -22"><span class='ocrx_word' id='word_1_104' title='bbox 1089 2637 1308 2722; x_wconf 81' lang='lat' dir='ltr'>Lydia,</span> <span class='ocrx_word' id='word_1_105' title='bbox 1341 2636 1611 2702; x_wconf 78' lang='lat' dir='ltr'>dormis?</span> <span class='ocrx_word' id='word_1_106' title='bbox 1633 2636 1677 2669; x_wconf 88' lang='grc'><strong><em>”</em></strong></span> 
     </span>
     <span class='ocr_line' id='line_1_23' title="bbox 655 2721 1805 2809; baseline 0.003 -22"><span class='ocrx_word' id='word_1_107' title='bbox 655 2721 931 2788; x_wconf 86' lang='lat' dir='ltr'>Invicem</span> <span class='ocrx_word' id='word_1_108' title='bbox 957 2725 1237 2788; x_wconf 85' lang='lat' dir='ltr'>moechos</span> <span class='ocrx_word' id='word_1_109' title='bbox 1266 2744 1419 2788; x_wconf 88' lang='lat' dir='ltr'>anus</span> <span class='ocrx_word' id='word_1_110' title='bbox 1448 2732 1805 2809; x_wconf 79' lang='lat' dir='ltr'>arrogantes</span> 
     </span>
     <span class='ocr_line' id='line_1_24' title="bbox 657 2808 2316 2897; baseline -0.001 -20"><span class='ocrx_word' id='word_1_111' title='bbox 657 2808 905 2878; x_wconf 84' lang='lat' dir='ltr'>Flebis</span> <span class='ocrx_word' id='word_1_112' title='bbox 888 2837 952 2877; x_wconf 88' lang='grc' dir='ltr'>ιιι</span> <span class='ocrx_word' id='word_1_113' title='bbox 981 2816 1103 2877; x_wconf 88' lang='lat' dir='ltr'>solo</span> <span class='ocrx_word' id='word_1_114' title='bbox 1131 2814 1282 2881; x_wconf 85' lang='lat' dir='ltr'>levis</span> <span class='ocrx_word' id='word_1_115' title='bbox 1313 2814 1687 2897; x_wconf 85' lang='lat' dir='ltr'>angiportu,</span> <span class='ocrx_word' id='word_1_116' title='bbox 2253 2833 2316 2883; x_wconf 87' lang='lat'>10</span> 
     </span>
     <span class='ocr_line' id='line_1_25' title="bbox 661 2884 1853 2983; baseline -0.001 -20"><span class='ocrx_word' id='word_1_117' title='bbox 661 2900 917 2963; x_wconf 84' lang='lat' dir='ltr'>Thracio</span> <span class='ocrx_word' id='word_1_118' title='bbox 946 2900 1282 2963; x_wconf 79' lang='lat' dir='ltr'>bacchante</span> <span class='ocrx_word' id='word_1_119' title='bbox 1310 2899 1503 2983; x_wconf 81' lang='lat' dir='ltr'>magis</span> <span class='ocrx_word' id='word_1_120' title='bbox 1532 2899 1644 2963; x_wconf 88' lang='lat' dir='ltr'>sub</span> <span class='ocrx_word' id='word_1_121' title='bbox 1672 2884 1853 2962; x_wconf 84' lang='lat' dir='ltr'>inter·</span> 
     </span>
     <span class='ocr_line' id='line_1_26' title="bbox 601 2986 1395 3069; baseline 0.003 -22"><span class='ocrx_word' id='word_1_122' title='bbox 601 3045 611 3056; x_wconf 92' lang='grc'><em>,</em></span> <span class='ocrx_word' id='word_1_123' title='bbox 996 2986 1164 3049; x_wconf 86' lang='lat' dir='ltr'>lunia</span> <span class='ocrx_word' id='word_1_124' title='bbox 1191 2994 1395 3069; x_wconf 86' lang='lat' dir='ltr'>vento,</span> 
     </span>
     <span class='ocr_line' id='line_1_27' title="bbox 657 3068 1816 3155; baseline 0 -22"><span class='ocrx_word' id='word_1_125' title='bbox 657 3068 812 3133; x_wconf 85' lang='lat' dir='ltr'>Cum</span> <span class='ocrx_word' id='word_1_126' title='bbox 866 3070 978 3134; x_wconf 91' lang='lat' dir='ltr'>tibi</span> <span class='ocrx_word' id='word_1_127' title='bbox 1027 3072 1290 3155; x_wconf 86' lang='lat' dir='ltr'>flagrans</span> <span class='ocrx_word' id='word_1_128' title='bbox 1321 3092 1489 3135; x_wconf 88' lang='lat' dir='ltr'>amor</span> <span class='ocrx_word' id='word_1_129' title='bbox 1540 3076 1605 3133; x_wconf 88' lang='lat' dir='ltr'>et</span> <span class='ocrx_word' id='word_1_130' title='bbox 1631 3068 1816 3133; x_wconf 82' lang='lat' dir='ltr'>libido</span> 
     </span>
     <span class='ocr_line' id='line_1_28' title="bbox 661 3156 1847 3240; baseline -0.001 -20"><span class='ocrx_word' id='word_1_131' title='bbox 661 3156 831 3231; x_wconf 88' lang='lat' dir='ltr'>Quae</span> <span class='ocrx_word' id='word_1_132' title='bbox 861 3158 1014 3220; x_wconf 88' lang='lat' dir='ltr'>solet</span> <span class='ocrx_word' id='word_1_133' title='bbox 1039 3165 1264 3221; x_wconf 82' lang='lat' dir='ltr'>matres</span> <span class='ocrx_word' id='word_1_134' title='bbox 1292 3157 1522 3220; x_wconf 83' lang='lat' dir='ltr'>furiare</span> <span class='ocrx_word' id='word_1_135' title='bbox 1554 3176 1847 3240; x_wconf 88' lang='lat' dir='ltr'>equorum</span> 
     </span>
     <span class='ocr_line' id='line_1_29' title="bbox 641 3241 2315 3342; baseline 0.002 -36"><span class='ocrx_word' id='word_1_136' title='bbox 641 3241 909 3306; x_wconf 75' lang='lat' dir='ltr'>Saeviet</span> <span class='ocrx_word' id='word_1_137' title='bbox 937 3243 1100 3307; x_wconf 86' lang='lat' dir='ltr'>circa</span> <span class='ocrx_word' id='word_1_138' title='bbox 1119 3244 1299 3342; x_wconf 81' lang='lat' dir='ltr'>jecur</span> <span class='ocrx_word' id='word_1_139' title='bbox 1325 3244 1691 3325; x_wconf 84' lang='lat' dir='ltr'>ulcerosum,</span> <span class='ocrx_word' id='word_1_140' title='bbox 2254 3262 2315 3309; x_wconf 88' lang='lat'>15</span> 
     </span>
     <span class='ocr_line' id='line_1_30' title="bbox 1004 3328 1557 3411; baseline -0.004 -18"><span class='ocrx_word' id='word_1_141' title='bbox 1004 3328 1148 3393; x_wconf 85' lang='lat' dir='ltr'>Non</span> <span class='ocrx_word' id='word_1_142' title='bbox 1177 3329 1305 3392; x_wconf 87' lang='lat' dir='ltr'>sine</span> <span class='ocrx_word' id='word_1_143' title='bbox 1337 3334 1557 3411; x_wconf 83' lang='lat' dir='ltr'>questu</span> 
     </span>
     <span class='ocr_line' id='line_1_31' title="bbox 659 3410 1799 3502; baseline -0.002 -27"><span class='ocrx_word' id='word_1_144' title='bbox 659 3410 852 3475; x_wconf 87' lang='lat' dir='ltr'>Laeta</span> <span class='ocrx_word' id='word_1_145' title='bbox 892 3414 1052 3502; x_wconf 89' lang='lat' dir='ltr'>quod</span> <span class='ocrx_word' id='word_1_146' title='bbox 1081 3415 1269 3499; x_wconf 83' lang='lat' dir='ltr'>pubes</span> <span class='ocrx_word' id='word_1_147' title='bbox 1299 3414 1527 3476; x_wconf 82' lang='lat' dir='ltr'>hedera</span> <span class='ocrx_word' id='word_1_148' title='bbox 1566 3412 1799 3475; x_wconf 81' lang='lat' dir='ltr'>virente</span> 
     </span>
    </p>
   </div>
   <div class='ocr_carea' id='block_1_7' title="bbox 655 3496 1824 3649">
    <p class='ocr_par' dir='ltr' id='par_1_14' title="bbox 655 3496 1824 3649">
     <span class='ocr_line' id='line_1_32' title="bbox 661 3496 1824 3583; baseline -0.002 -20"><span class='ocrx_word' id='word_1_149' title='bbox 661 3496 945 3563; x_wconf 81' lang='lat' dir='ltr'>Gaudeat</span> <span class='ocrx_word' id='word_1_150' title='bbox 973 3497 1137 3583; x_wconf 87' lang='lat' dir='ltr'>pulla</span> <span class='ocrx_word' id='word_1_151' title='bbox 1164 3499 1356 3583; x_wconf 87' lang='lat' dir='ltr'>magis</span> <span class='ocrx_word' id='word_1_152' title='bbox 1388 3506 1571 3582; x_wconf 85' lang='lat' dir='ltr'>atque</span> <span class='ocrx_word' id='word_1_153' title='bbox 1602 3504 1824 3583; x_wconf 87' lang='lat' dir='ltr'>myrto,</span> 
     </span>
     <span class='ocr_line' id='line_1_33' title="bbox 655 3583 1640 3649; baseline 0 -2"><span class='ocrx_word' id='word_1_154' title='bbox 655 3584 883 3649; x_wconf 82' lang='lat' dir='ltr'>Aridas</span> <span class='ocrx_word' id='word_1_155' title='bbox 909 3586 1155 3649; x_wconf 76' lang='lat' dir='ltr'>frondes</span> <span class='ocrx_word' id='word_1_156' title='bbox 1208 3584 1421 3649; x_wconf 90' lang='lat' dir='ltr'>hiemis</span> <span class='ocrx_word' id='word_1_157' title='bbox 1452 3583 1640 3648; x_wconf 85' lang='lat' dir='ltr'>sodali</span> 
     </span>
    </p>
   </div>
   <div class='ocr_carea' id='block_1_8' title="bbox 1004 3668 2319 3765">
    <p class='ocr_par' dir='ltr' id='par_1_15' title="bbox 1004 3668 2319 3765">
     <span class='ocr_line' id='line_1_34' title="bbox 1004 3668 2319 3765; baseline -0.006 -29"><span class='ocrx_word' id='word_1_158' title='bbox 1004 3671 1266 3765; x_wconf 77' lang='lat' dir='ltr'>Dedicet</span> <span class='ocrx_word' id='word_1_159' title='bbox 1299 3671 1531 3734; x_wconf 78' lang='lat' dir='ltr'>Hebro·</span> <span class='ocrx_word' id='word_1_160' title='bbox 2250 3668 2319 3735; x_wconf 77' lang='lat'>20‘</span> 
     </span>
    </p>
   </div>
  </div>
 </body>
</html>
