2742 4417
862 901 939 980 Q.
998 901 1375 968 HORATII
1430 898 1749 968 FLACOI

508 1123 2071 1216 EPISTOLARUM

1015 1394 1241 1450 LIBER
1287 1395 1591 1452 PRIMUS.

30 1537 39 1768 ‚
104 1597 122 1613 .
1187 1621 1192 1624 .

29 1865 38 2050 b
957 1849 1508 1915 EPISTOLA
1566 1850 1635 1916 Ῑ.

249 2025 485 2091 PRTMA
518 2023 678 2088 dicte
707 2022 872 2102 mihi,
903 2022 1414 2087 summadicende
1448 2022 1734 2104 Camena,

258 2111 622 2194 Spectatum
653 2109 799 2172 satis
829 2115 893 2172 et
922 2109 1207 2172 donatum
1227 2109 1356 2192 jam
1387 2108 1537 2172 rude
1568 2101 1830 2193 quaeri8‚

253 2197 612 2275 Maecenas,
640 2196 860 2258 iterum
889 2195 1133 2278 antiquo
1163 2216 1257 2256 me
1289 2195 1596 2257 includere
1625 2195 1783 2259 ludo,

255 2283 404 2346 Non
433 2281 646 2345 eadem
677 2286 770 2343 est
799 2287 987 2358 aetem,
1016 2301 1135 2342 non
1163 2301 1353 2342 mens.
1443 2280 1736 2344 Veianius
1766 2281 1945 2346 armis
2281 2347 2285 2351 ,

253 2365 548 2432 Herculis
577 2367 656 2430 ad
687 2373 916 2450 postem
942 2367 1074 2427 fixis
1103 2365 1255 2428 latet
1287 2364 1527 2427 abditus
1561 2359 1728 2448 agro,
2301 2391 2335 2442 ⁸

254 2453 361 2518 Ne
395 2453 680 2537 populum
711 2458 979 2513 extrema
1008 2450 1182 2512 toties
1212 2456 1420 2513 exoret
1442 2471 1653 2513 arena.
2320 2476 2324 2478 ·

255 2539 375 2604 Est
404 2538 548 2600 mihi
577 2544 896 2622 purgatam
927 2537 1136 2599 crebro
1166 2537 1270 2619 qui
1297 2544 1865 2618 personet'auremt

260 2625 444 2689 Solve
473 2631 887 2688 senescentem
914 2628 1146 2684 mature
1178 2642 1358 2683 sanus
1390 2641 1631 2702 equum,
1662 2643 1739 2684 ne

256 2711 491 2774 Peccet
521 2708 599 2772 ad
630 2715 962 2771 extremm
991 2707 1276 2768 ridendus
1308 2713 1370 2768 et
1400 2707 1502 2768 ilia
1534 2706 1736 2769 ducat.

255 2796 325 2860 N
328 2817 446 2858 unc
476 2795 680 2878 itaque
713 2800 776 2856 et
805 2814 1012 2856 versus
1043 2799 1106 2854 et
1135 2799 1339 2855 cetera
1367 2791 1602 2854 ludicra
1629 2814 1805 2875 ponc,
2276 2817 2338 2865 10

253 2881 425 2956 Quid
455 2903 666 2944 verum
696 2887 878 2963 atque
909 2879 1132 2941 decens
1163 2898 1307 2940 curo
1339 2885 1402 2940 et
1430 2899 1597 2962 rog0‚
1624 2885 1688 2942 et
1716 2878 1904 2943 omnis
1930 2878 1995 2944 in
2020 2880 2135 2945 hoc
2164 2901 2336 2958 sum3

260 2967 473 3032 Condo
509 2973 572 3028 et
602 2986 886 3048 compono
917 2985 1072 3048 quae
1101 2985 1238 3027 mox
1268 2964 1618 3048 depromere
1649 2966 1887 3048 possim.

253 3054 359 3117 Ac
393 3074 470 3115 ne
503 3053 656 3114 forte
687 3071 864 3133 roges
918 3071 1036 3132 quo
1063 3071 1160 3112 me
1191 3049 1368 3128 duce,
1400 3072 1519 3133 quo
1548 3051 1675 3112 lare
1706 3057 1891 3134 tuter,

256 3137 506 3202 Nullius
537 3137 812 3201 addictus
831 3136 1042 3220 jurare
1073 3136 1132 3198 in
1163 3136 1348 3198 verba
1376 3136 1649 3220 magistri

257 3223 397 3296 Quo
426 3245 522 3286 me
573 3243 810 3305 cunque
840 3222 998 3304 rapit
1028 3229 1372 3304 tempestas,
1405 3221 1645 3284 deferor
1671 3221 1907 3306 hospes,
2166 3213 2179 3224 ’
2278 3242 2341 3290 15

253 3309 445 3372 Nunc
478 3308 649 3390 agilis
677 3309 754 3371 fio
790 3314 852 3369 et
878 3327 1107 3369 mersor
1137 3306 1407 3370 civilibus
1438 3307 1637 3386 undis,

253 3395 523 3475 Virtutis
555 3414 734 3460 verae
767 3400 965 3455 custos
995 3392 1341 3474 rigidusque
1373 3395 1613 3456 satelles
1640 3413 1657 3468 ;

256 3479 444 3542 Nunc
475 3481 538 3542 in
567 3479 866 3562 Aristippi
895 3478 1100 3540 furtim
1129 3486 1455 3561 praecepta
1483 3479 1739 3556 relabor,

257 3565 346 3628 Et
375 3565 518 3627 mihi
548 3585 646 3627 res
699 3586 818 3626 non
847 3585 942 3625 me
975 3565 1154 3626 rebus
1183 3563 1547 3646 subjungere
1578 3584 1779 3625 conor.

130 3653 139 3662 ’
255 3649 353 3714 Ut
380 3673 499 3713 nox
527 3651 708 3732 longa
738 3649 953 3733 quibus
981 3649 1268 3711 ment-itur
1297 3650 1511 3726 amica,
1541 3648 1793 3731 diesque
2276 3667 2343 3718 ω

257 3735 476 3818 Longa
506 3735 748 3798 videtur
778 3756 926 3818 opus
957 3735 1334 3814 debentibus,
1363 3743 1435 3797 ut
1463 3736 1635 3819 piger
1664 3754 1857 3798 annus

256 3821 536 3906 Pupillis'
571 3842 720 3904 quos
751 3821 1150 3966 dura1p3remit
1181 3821 1452 3884 custodia
1481 3828 1738 3884 matrum
1766 3841 1785 3898 3
