2742 4417
942 341 1072 386 LIB.
1119 342 1169 386 1.
1217 340 1354 387 SAT.
1406 342 1497 388 VI.

77 537 86 544 .
193 489 320 569 (Ut
352 513 446 554 me
479 492 858 574 collaudem)
887 495 938 558 si
967 501 1030 558 ct
1059 495 1192 558 vivo
1223 517 1401 560 carus
1432 494 1677 572 amicis.;

190 575 385 642 Causa
414 580 530 642 fuit
559 587 731 662 pater
759 580 874 658 his,
905 581 1008 663 qui
1036 602 1238 643 macro
1265 603 1495 664 pauper
1524 583 1719 664 agello

186 662 395 726 Noluit
424 665 486 727 in
514 666 687 728 Flavi
714 664 924 728 ludum
955 688 1050 728 me
1082 667 1342 746 mittere,
1373 669 1576 750 magni

187 749 314 820 Quo
348 751 515 833 pueri
543 753 776 833 magnis
808 773 842 812 e
874 751 1315 814 centurionibus
1347 753 1483 830 orti,

58 805 61 906 5
179 831 384 898 Laevo
413 839 686 919 suspensi
713 838 938 899 loculos
969 837 1629 920 ‘tabulamquelacertm

183 919 360 983 Ibant
390 923 618 984 octonis
649 923 982 984 referentes
1014 923 1227 985 Idibus
1257 940 1442 997 aera;
1624 979 1627 984 .

185 1004 304 1067 Sed
337 1029 592 1089 puerum
613 1014 716 1070 ‚est
745 1029 926 1070 ausus
957 1007 1208 1070 Romam
1237 1015 1477 1091 portare
1510 1007 1845 1072 docendum

181 1092 365 1154 Artes
420 1113 570 1174 quas
603 1093 818 1155 doceat
847 1093 1039 1174 quivis
1071 1115 1258 1177 eques
1283 1101 1465 1176 atque
1506 1101 1748 1157 senator

185 1175 389 1238 Semet
417 1186 764 1260 prognatos·
855 1179 1108 1242 Vestem
1137 1200 1459 1264 servosque
1490 1189 1833 1262 sequente8‚

181 1261 252 1322 In
279 1285 501 1344 magno
531 1271 600 1325 ut
629 1264 869 1347 popule,
900 1265 949 1326 si
980 1265 1112 1346 quis
1142 1265 1409 1342 vidisset,
1441 1265 1603 1327 avita

184 1346 274 1408 Ex
303 1369 372 1410 re
405 1350 684 1430 praeberi
714 1357 984 1431 sumptus
1013 1349 1465 1412 mihi-crederet
1492 1350 1643 1414 illos.

182 1431 330 1514 Ipse·
347 1434 494 1496 mihi
525 1441 726 1496 custos
755 1435 1294 1518 incorruptissimus
1325 1455 1529 1498 omnes

183 1516 423 1581 Circum
455 1520 730 1582 doctores
761 1520 992 1584 aderat.
1056 1519 1215 1594 Quid
1245 1519 1480 1582 multa?
1570 1520 1887 1601 Pudicum‚

182 1601 292 1676 Qui
325 1605 554 1688 primus
585 1605 822 1668 virtutis
851 1606 1058 1686 honOS,
1089 1607 1356 1668 servavit
1386 1607 1461 1670 ab
1494 1606 1654 1669 omni
1902 1617 1910 1624 '

177 1689 238 1750 N
240 1713 317 1752 on
347 1690 540 1752 solum
569 1688 730 1753 fa'cto
755 1713 962 1754 verum
993 1692 1304 1774 opprobrio
1334 1713 1571 1775 quoque
1604 1691 1803 1776 turpi;

177 1773 239 1836 N
242 1797 311 1838 ec
343 1775 546 1838 timuit
599 1777 711 1838 sibi
739 1798 814 1838 ne
845 1777 990 1839 vitio
1019 1778 1150 1860 quis
1182 1784 1449 1840 verteret
1500 1779 1638 1840 olim

181 1859 243 1922 Si
275 1883 498 1944 praeco
528 1883 744 1945 parvas
773 1868 899 1941 aut,
931 1869 1000 1924 ut
1028 1863 1143 1925 fuit
1173 1863 1324 1946 ipse,
1355 1872 1597 1926 coactor

2134 327 2259 390 143

2198 517 2260 568 ⁷0

2194 945 2261 995 75

2190 1799 2255 1848 85

177 1945 500 2010 Mei-cedes
525 1969 854 2030 sequerer3
899 1969 1096 2031 neque
1131 1970 1243 2031 ego
1275 1969 1467 2012 essem
1502 1954 1785 2032 questus:
1832 1955 1897 2012 at
1936 1947 2049 2012 hoc
2090 1970 2250 2013 nunc

177 2031 336 2096 Laus
366 2032 455 2094 illi
485 2032 738 2096 debetur
772 2041 835 2096 et
864 2055 900 2096 a
928 2057 1024 2096 me
1055 2035 1250 2116 gratia
1278 2035 1485 2118 major.

167 2117 280 2180 'Nil
309 2140 410 2181 me
441 2120 746 2201 poeniteat
775 2141 984 2182 sanum
1014 2121 1198 2203 patris
1228 2121 1428 2205 hujus,
1486 2140 1677 2202 eoque

178 2201 338 2284 Non,
370 2211 443 2266 ut
473 2226 694 2286 magna
722 2206 854 2268 dolo
883 2206 1110 2268 factum
1135 2214 1321 2288 negat
1351 2226 1481 2268 esse
1514 2226 1620 2268 suo
1654 2225 1796 2289 pars

58 2317 88 2328 ··
181 2287 351 2361 Quod
381 2311 502 2352 non
532 2289 822 2372 ingenuos
850 2290 1072 2353 habeat
1101 2293 1409 2374 clarosque
1441 2298 1743 2374 parentes,

183 2373 278 2439 Sic
309 2397 411 2437 me
441 2375 781 2438 defendam.
873 2375 1078 2458 Longe
1110 2399 1246 2440 mea
1274 2377 1575 2460 discrepat
1609 2377 1738 2440 istis

180 2459 257 2522 Et
287 2483 407 2524 vox
436 2468 502 2524 et
528 2462 715 2544 ratio:
763 2483 902 2524 nam
923 2463 974 2524 si
1005 2470 1221 2525 natura
1239 2463 1485 2547 juberet

180 2545 236 2608 A
265 2547 452 2610 certis
485 2547 658 2621 annis¹
685 2569 899 2610 aevum
930 2569 1197 2612 remeare
1229 2554 1539 2631 peractum

179 2631 385 2715 Atque
418 2633 562 2695 alios
594 2633 798 2714 legere
829 2634 906 2696 ad
934 2635 1156 2696 fastum
1185 2653 1575 2716 quoscunque
1620 2639 1903 2716 parentes
1952 2633 1960 2640 ’

183 2714 438 2800 Optaret
467 2718 580 2787 sibi
609 2720 883 2802 quisque,
913 2719 1061 2782 meis
1091 2726 1405 2782 contentus
1435 2719 1711 2782 honestos

179 2800 469 2866 Fascibus
499 2811 564 2865 et
591 2804 748 2866 sellis
777 2807 994 2867 nollem
1025 2806 1167 2867 mihi
1197 2827 1457 2882 sumere,
1489 2805 1735 2867 demens

179 2887 218 2948 J
221 2889 421 2958 udicio
453 2889 638 2970 volgi,
670 2911 850 2952 sanus
881 2891 1132 2964 fortasse
1165 2898 1289 2968 tue,
1321 2890 1483 2973 quod

181 2972 418 3036 Nollem
449 2995 599 3036 onus
627 2975 790 3036 haud
820 2997 1083 3058 unquam
1113 2976 1318 3038 solitus
1349 2982 1589 3059 portare
1620 2975 1953 3039 molestum.
1976 2983 1989 2994 ‘

181 3057 335 3122 Nam
369 3059 515 3121 mihi
547 3060 825 3122 continuo
853 3063 1041 3144 major
1071 3061 1417 3144 quaerenda
1455 3061 1612 3138 {oret
1641 3082 1737 3124 res

185 3144 386 3228 Atque
419 3145 718 3207 salutandi
749 3146 972 3228 plureS‚
1005 3147 1314 3209 ducendus
1345 3155 1409 3209 et
1438 3167 1591 3209 unus

184 3229 259 3291 Et
288 3251 491 3293 comes
522 3232 676 3292 alter
729 3232 816 3294 uti
847 3253 922 3293 ne
955 3233 1112 3294 solus
1141 3253 1318 3294 rusve
1349 3252 1681 3316 peregreve

185 3313 454 3396 Exirem3
479 3316 680 3399 plures
712 3317 951 3379 calones
982 3325 1162 3400 atque
1195 3318 1408 3380 caballi
1679 3397 1683 3400 ι

185 3398 500 3479 Pascendi‚
533 3401 811 3464 ducenda
839 3403 1146 3485 petorrita.
1237 3402 1419 3466 Nunc
1450 3402 1594 3464 mihi
1635 3407 1806 3465 curto

185 3483 278 3548 Ire
308 3487 456 3550 licet
484 3488 644 3549 mulo
675 3487 771 3549 vel
823 3489 874 3550 si
902 3488 1046 3550 libet
1097 3509 1287 3571 usque
1319 3489 1673 3566 Tarentum,

187 3567 452 3634 Mantica
482 3573 581 3651 cui
609 3573 839 3636 lumbos
869 3595 1048 3636 onere
1081 3574 1311 3637 ulceret
1344 3581 1527 3656 atque
1568 3593 1753 3657 eques
1782 3593 2019 3638 armos:
2115 3623 2128 3634 .

192 3655 444 3741 Objiciet
471 3679 648 3724 nemo
678 3658 882 3721 sordes
912 3659 1054 3721 mihi
1109 3681 1258 3743 quas
1287 3659 1419 3738 tibi,
1450 3659 1610 3739 Tilli,

193 3739 333 3806 Cum
363 3743 614 3806 Tiburte
646 3744 744 3806 via
774 3751 1108 3826 praetorem
1139 3745 1402 3828 quinque
1434 3751 1771 3828 sequuntur

190 3826 264 3892 Te
293 3829 470 3915 pueri
521 3830 794 3894 lasanum
822 3837 1130 3915 portantes
1159 3831 1703 3916 oenophorumque.

2190 2225 2253 2273 90

2188 2652 2253 2701 95

2161 3077 2252 3129 100

2166 3509 2258 3558 105
