2742 4417
434 360 561 425 198
1258 380 1704 428 EPISTOLARmt

1009 703 1591 769 EPISTOLA
1705 703 1941 773 XIV.

306 928 311 933 ,
432 876 711 941 VILLIOE
741 876 1023 939 silvarum
1054 882 1119 939 et
1148 876 1291 939 mihi
1322 886 1417 940 'me
1447 876 1758 940 reddentis
1789 880 1990 961 agelli,

432 962 627 1036 Quem
658 969 724 1024 tu
755 963 988 1025 fastidis
1040 963 1373 1025 habitatum
1403 964 1667 1047 quinque
1699 964 1845 1026 focis
1875 973 1938 1029 et

432 1048 709 1131 Quinque
743 1049 924 1111 bonos
954 1048 1190 1111 solitum
1221 1048 1472 1112 Variam
1505 1049 1804 1111 dimittere
1836 1058 2061 1133 patres,

431 1134 748 1197 Certemus
802 1134 1001 1217 spinas
1030 1133 1301 1197 animone
1332 1156 1448 1215 ego
1476 1136 1688 1198 fortius
1717 1157 1795 1197 an
1826 1143 1894 1199 tu

430 1218 673 1281 Evellas
702 1240 871 1301 agro,
902 1228 965 1282 et
994 1219 1203 1282 melior
1231 1220 1308 1283 sit
1337 1220 1633 1283 Horatius
1659 1242 1736 1283 an
1767 1242 1906 1284 res.-

428 1304 535 1368 Me
566 1306 837 1389 quamvis
873 1305 1117 1368 Lamiae
1148 1305 1339 1388 pietas
1370 1314 1434 1368 et
1465 1328 1612 1369 cura
1639 1316 1909 1372 moratur

429 1389 707 1454 Fratrem
736 1391 1080 1470 maerentiS,
1111 1399 1283 1475 rapto
1314 1391 1391 1455 de
1424 1392 1614 1455 fratre
1643 1392 1900 1466 dolentis

427 1475 851 1557 Insolabiliter,
882 1485 1086 1540 tamen
1115 1478 1277 1540 istuc'
1300 1498 1468 1540 mens
1500 1479 1851 1561 animusque

426 1562 578 1627 Fert
607 1570 669 1626 et
699 1570 861 1626 amat
888 1564 1095 1647 spatiis
1125 1563 1423 1625 obstantia
1452 1585 1728 1647 rumpere
1761 1565 2043 1628 claustra.

426 1649 597 1713 Rure
630 1670 743 1731 ego
774 1650 1097 1727 viventem,
1128 1656 1196 1711 tu
1226 1648 1376 1711 dicis
1403 1650 1466 1711 in
1495 1650 1641 1712 urbe
1672 1648 1952 1714 beatum.
1939 1673 1954 1688 ·

430 1735 571 1798 Cui
576 1737 774 1818 placet
804 1736 1049 1799 alterius
1100 1756 1211 1797 sua
1239 1735 1519 1798 nimirum
1550 1742 1643 1798 est
1671 1736 1804 1798 odio
1834 1758 1982 1799 sors·

431 1819 669 1884 Stultus
697 1828 959 1920 uterque·
981 1822 1178 1884 locum
1202 1820 1561 1884 immeritum
1593 1830 1877 1884 causatur
1903 1822 2149 1906 inique:

428 1904 506 1969 In
536 1907 713 1990 culpa
744 1916 835 1969 est
867 1908 1121 1986 animuS,
1152 1907 1257 1990 qui
1286 1928 1351 1969 se
1385 1929 1506 1969 non
1536 1908 1747 1990 effugit
1776 1929 2060 1991 unquam.

428 1992 525 2055 Tu
554 1993 941 2056 mediastinus
972 1993 1157 2055 tacita
1184 2014 1365 2077 prece
1399 2014 1541 2056 rura
1571 1994 1842 2075 petebas,

428 2076 613 2141 Nunc
643 2079 853 2141 urbem
888 2085 950 2142 et
979 2079 1151 2142 ludos
1182 2086 1245 2141 et
1274 2080 1492 2141 balnea
1521 2079 1751 2143 villicus
1781 2086 1994 2162 optas3

429 2163 537 2228 Me
568 2172 841 2229 constare
872 2165 1013 2227 mihi
1043 2165 1182 2244 sciS,
1212 2172 1277 2229 et
1305 2164 1617 2229 discedere
1659 2166 1892 2228 tristem

431 2249 927 2335 Quandocunque'
956 2251 1247 2315 trahunt
1232 2252 1424 2313 invisa
1451 2252 1694 2333 negotia
1723 2252 1996 2315 Romam.

430 2336 573 2401 Non
604 2338 815 2401 eadem
844 2339 1168 2413 miramur3
1214 2358 1285 2401 eo
1316 2337 1688 2401 disconvenit
1718 2338 1876 2403 iuter

430 2422 659 2507 Meque
691 2430 754 2487 et
783 2431 882 2487 te:
931 2445 1069 2486 nam
1126 2444 1281 2507 quae
1315 2423 1558 2487 deserta
1589 2433 1652 2486 et
1680 2424 1978 2507 inhospita
2003 2428 2174 2487 tesca

432 2508 646 2573 Credis
700 2531 951 2573 amoena
978 2517 1154 2573 vocat
1180 2510 1549 2592 mecum-qui
1580 2511 1785 2589 sentit,
1815 2517 1880 2573 et
1909 2510 2036 2573 odit
2069 2518 2078 2525 '

431 2594 603 2668 Quae
634 2602 701 2658 tu
733 2597 983 2679 pulchra
1010 2602 1206 2679 putas.
1298 2595 1524 2659 Fornix
1553 2596 1658 2659 tibi
1686 2603 1752 2659 et
1782 2603 1966 2659 uncta
1993 2594 2212 2681 popina

430 2681 747 2745 Incutiunt
777 2682 937 2744 urbis
968 2682 1352 2761 desiderium,
1385 2682 1582 2760 video,
1615 2689 1680 2745 et
1710 2682 1870 2765 quod

430 2768 714 2850 Angulus
744 2768 857 2831 iste
888 2768 1046 2830 feret
1074 2768 1245 2851 piper
1274 2776 1339 2830 et
1368 2768 1509 2829 thus
1540 2768 1704 2831 ocius
1734 2788 1874 2847 uva,

431 2854 569 2917 Nec
602 2854 797 2917 vicina
825 2854 1031 2916 subest
1061 2854 1264 2916 vinum
1289 2854 1583 2937 praebere
1627 2854 1878 2917 taberna

434 2939 605 3013 Quae
637 2940 823 3023 possit
853 2940 980 3018 tibi,
1011 2960 1123 3003 nec
1153 2939 1440 3003 meretrix
1469 2940 1735 3019 tibicina,
1765 2941 1940 3024 cujus

433 3025 541 3091 Ad
570 3027 882 3109 strepitum
912 3026 1089 3089 salias
1122 3036 1316 3088 terrae
1349 3026 1586 3108 gravis:
1635 3034 1699 3089 et
1729 3034 1931 3089 tamen
1959 3045 2143 3108 urges

432 3113 476 3175 J
481 3112 808 3196 ampridem
838 3133 957 3175 non
988 3117 1151 3175 tacta
1179 3112 1476 3193 ligonibus
1506 3133 1652 3174 arva
1702 3111 2035 3194 bovemque

432 3198 817 3281 Disjunctum
847 3219 1023 3260 curas
1054 3204 1118 3259 et
1146 3198 1371 3260 strictis
1401 3198 1710 3260 frondibus
1739 3198 1946 3281 exples
1971 3217 1990 3275 3

433 3283 631 3349 Addit
660 3304 808 3367 opus
839 3284 1009 3367 pigro
1039 3282 1225 3362 rivus,
1256 3284 1305 3347 si
1338 3283 1565 3347 decidit
1591 3284 1804 3363 imber,

434 3370 637 3433 Multa
665 3371 817 3432 mole
850 3368 1157 3433 docendus
1188 3370 1392 3452 aprico
1422 3390 1672 3454 parcere
1701 3375 1896 3454 prato.

434 3455 621 3518 Nunc
674 3476 788 3537 age
842 3455 987 3539 quid
1015 3462 1287 3518 nostrum
1316 3463 1673 3519 concentum
1705 3455 1935 3519 dividat
1985 3452 2149 3517 audi.

438 3540 633 3613 Quem
665 3548 875 3605 tenues
906 3542 1165 3605 decuere
1196 3549 1376 3625 togae
1407 3542 1699 3625 nitidique
1731 3541 1987 3640 capilli&
2021 3590 2032 3603 .

439 3626 633 3700 Quem
665 3628 781 3690 scis
811 3628 1129 3691 immunem
1175 3627 1431 3691 Cinarae
1463 3628 1758 3711 placuisse
1789 3626 2014 3711 rapaci,

440 3712 633 3786 Quem
666 3714 931 3777 bibulum
960 3714 1168 3798 liquidi
1196 3715 1398 3778 media
1427 3714 1502 3777 de
1534 3715 1668 3777 luce
1698 3713 1964 3792 Falerni,

440 3798 648 3863 Coena
675 3800 875 3864 brevis
895 3802 1073 3883 juvat
1100 3808 1163 3862 et
1194 3822 1378 3883 prope
1411 3800 1605 3862 rivum
1635 3821 1875 3862 somnus
1906 3799 1968 3861 in
1996 3797 2220 3875 herba3

438 3884 503 3947 N
507 3905 574 3948 ee
605 3885 818 3948 lusisse
850 3885 1037 3970 pudet
1089 3886 1197 3948 sed
1228 3907 1347 3949 non
1377 3886 1642 3949 incidere
1673 3885 1902 3969 ludum.

2462 1675 2523 1723 10

2421 2102 2522 2181 ‚¹⁵
