2742 4417
962 401 1092 448 m.
1126 401 1175 448 1.
1209 400 1411 448 EPIS'r.
1454 400 1606 449 xm.

225 553 408 629 Quid
436 555 582 618 velit
611 559 674 619 et
700 553 887 640 possit
913 577 1119 619 rerum
1149 555 1469 620 concordia
1498 556 1747 638 discors,

227 640 640 724 Empedocles
670 663 747 704 an
781 640 1135 705 Stertinium
1165 641 1381 706 deliret
1415 663 1685 706 acumen.

225 726 479 790 Verum
510 749 616 790 seu
644 727 840 810 pisces
869 749 979 790 seu
1006 748 1250 811 porrum
1280 734 1344 790 et
1372 749 1559 812 caepe
1590 727 1857 793 trucidas

227 811 442 875 Utere
473 812 758 896 Pompeio
790 811 1088 897 Grosph0,
1120 819 1184 876 et
1211 813 1262 876 si
1292 814 1438 897 quid
1470 821 1638 896 petet
1688 815 1849 878 ultro

227 898 476 961 Defert
521 899 606 960 nil
637 893 948 982 Grosphus
977 899 1093 961 nisi
1121 920 1331 962 verum
1362 900 1555 962 orabit
1584 907 1646 962 et
1676 921 1957 984 aequum.

225 983 404 1046 Vilis
433 985 757 1048 amicorum
787 991 881 1047 est
910 1005 1164 1047 annona·
1195 985 1364 1048 bonis
1396 986 1498 1048 ubi
1528 985 1673 1068 quid
1710 986 1901 1050 deest.

227 1069 338 1134 Ne
373 1076 576 1132 tamen
603 1069 846 1152 ignores
897 1091 1016 1153 quo
1049 1069 1128 1133 sit
1157 1071 1432 1134 Romana
1459 1072 1590 1135 loco
1620 1093 1757 1136 res:

229 1154 548 1218 Cantaber
574 1156 905 1239 Agrippae,
945 1155 1162 1219 Claudi
1189 1157 1414 1219 virtute
1446 1157 1709 1222 Neronis

223 1241 568 1304 Armenius
598 1242 852 1318 cecidit3
888 1243 992 1326 jus
1020 1241 1455 1325 imperiumque
1486 1243 1782 1308 Phraates

229 1325 519 1390 Caesaris
549 1326 784 1410 accepit
806 1328 1058 1410 genibus
1087 1348 1320 1404 m1n0r3
1365 1350 1549 1415 aurea
1578 1331 1786 1414 fruges

223 1411 454 1477 Italiae
484 1413 661 1498 pleno
692 1413 972 1478 defundlt
1003 1412 1192 1498 Copia
1221 1434 1429 1478 cornu.
1470 1488 1497 1506 ‚-

828 1841 1393 1910 EPISTOLA
1464 1843 1738 1911 XIII.

226 2014 340 2080 ΠΤ
373 2015 850 2099 proficiscentem
882 2015 1058 2080 docui
1087 2024 1147 2081 te
1178 2038 1358 2102 saepe
1396 2017 1619 2102 diuque

227 2101 521 2190 Augusto
553 2103 770 2166 reddes
799 2102 1037 2185 signata
1066 2105 1387 2184 volumina,
1421 2103 1591 2184 Vini,

209 2187 596 2269 ‘Si'validuS,
625 2189 676 2252 si
704 2190 900 2252 laetus
931 2189 1067 2269 erit,
1097 2190 1148 2253 si
1178 2190 1439 2273 denique
1470 2193 1707 2274 poscet3

229 2273 338 2337 Ne
373 2272 570 2338 studio
597 2274 786 2338 nostri
813 2295 1029 2358 pecces
1060 2274 1381 2360 odiumque
1411 2276 1624 2339 libellis

233 2358 502 2423 Sedulus
529 2360 816 2444 importes
843 2382 1026 2444 opera
1061 2363 1413 2425 vehemente
1444 2362 1733 2426 minister.

234 2443 306 2510 Si
337 2451 401 2508 te
429 2446 586 2508 forte
614 2467 785 2534 meae
815 2447 1014 2530 gravis
1043 2455 1182 2512 uret
1209 2447 1445 2511 sarcina
1473 2449 1742 2527 chartae,

227 2531 505 2614 Abjicito
536 2531 734 2614 potius
763 2553 945 2615 quam
997 2554 1116 2616 quo
1145 2534 1415 2617 perferre
1435 2533 1669 2618 juberis

231 2616 509 2680 Clitellas
537 2618 703 2681 ferus
730 2617 1047 2702 impingas,
1075 2620 1427 2702 Asinaeque
1458 2626 1778 2702 paternum

231 2701 586 2785 Cognomen
617 2709 820 2766 vertas
848 2705 912 2767 in
941 2704 1136 2768 risum‘
1154 2713 1218 2768 et
1244 2705 1451 2768 fabula
1476 2706 1608 2769 fias.

175 2863 182 2868 ‚
230 2788 486 2852 Viribus
513 2789 704 2852 uteris
731 2811 843 2873 per
871 2790 1077 2871 clivos,
1107 2791 1375 2869 flumina,
1404 2792 1632 2868 lamas3

228 2873 451 2938 Victor
478 2875 762 2958 propositi
792 2875 965 2939 simul
995 2895 1074 2940 ac·
1097 2877 1443 2961 perveneris
1472 2878 1637 2957 illuc,

233 2959 342 3024 Sic
371 2961 631 3045 positum
659 2961 924 3025 servabis
955 2983 1125 3041 onus,
1155 2984 1230 3026 ne
1261 2963 1416 3026 forte
1446 2964 1556 3026 sub
1590 2964 1687 3028 ala

227 3046 617 3110 Fasciculum
647 3055 850 3131 portes
878 3049 1162 3112 librorum
1191 3055 1263 3111 ut
1290 3048 1551 3112 rusticus
1582 3069 1829 3133 agnum,

231 3132 326 3197 Ut
356 3135 564 3196 vinosa
593 3132 819 3216 glomus
846 3134 1106 3200 furtivae
1137 3133 1399 3218 Pyrrhia
1425 3135 1647 3216 lanae,

230 3217 328 3282 Ut
359 3240 497 3282 cum
527 3217 740 3302 pileolo
769 3220 962 3283 soleas
994 3220 1245 3284 conviva
1285 3220 1539 3283 tribulis.

229 3303 336 3366 Ne
366 3305 548 3387 vulgo
576 3325 808 3384 narres,
838 3312 900 3368 te
933 3305 1240 3369 sudavisse
1269 3305 1521 3370 ferendo

232 3388 542 3468 Carmina,
571 3412 728 3474 quae
759 3392 988 3474 possint
1015 3393 1216 3455 oculos
1247 3413 1543 3476 auresque
1572 3389 1795 3454 morari

233 3475 553 3552 Caesaris3
599 3483 805 3540 oratus
833 3479 1022 3541 multa
1051 3499 1232 3561 prece
1284 3476 1478 3541 nitore
1521 3495 1718 3561 porro.

236 3561 440 3642 Vade,
469 3563 628 3644 vale,
659 3583 806 3628 cave
835 3585 913 3627 ne
943 3563 1165 3627 titubes
1194 3563 1600 3657 mandataque
1630 3562 1899 3646 frangas

926 3817 1052 3884 17·

2198 385 2325 451 197

2268 654 2339 715 20

2263 2813 2325 2863 1ss

2262 3236 2325 3286 15
