2742 4417
412 310 550 376 196
1243 325 1689 372 ammonium

423 477 586 558 Nec,
616 478 668 542 si
695 483 756 542 te
787 477 1020 542 validus
1042 479 1364 563 jactaverit
1394 476 1673 540 Auster
1656 499 1719 540 111
1748 477 1896 555 alto,

425 562 663 627 Idcirco
691 582 904 628 navem
935 572 1100 628 trans
1131 565 1449 646 Aegaeum
1477 585 1641 626 mare
1672 563 1919 626 vendas.

425 649 718 712 Incolumi
749 649 991 712 Rhodos
1022 657 1086 714 et
1113 649 1409 733 Mytilene
1442 650 1691 732 pulchra
1714 648 1862 711 facit
1913 647 2075 732 (11101

424 733 699 798 Paenula
726 735 996 813 solstitie,
1027 745 1360 818 campestre
1390 735 1683 797 nivalibus
1721 735 1905 813 auriS,

311 851 316 856 ·
357 851 380 874 ·
425 819 550 886 Per
575 821 848 884 brumam
876 821 1135 899 Tiberis,
1162 819 1375 883 Sextili
1401 811 1605 882 mense
1637 820 1925 883 caminus.

426 905 591 968 Dum
619 906 763 968 licet
792 927 862 968 38
893 907 1124 968 vultum
1153 927 1289 968 serv
1291 912 1355 968 at
1381 906 1622 967 fortuna
1661 905 2010 987 benignum,

423 991 651 1054 Romae
681 991 960 1054 laudetur
992 990 1199 1054 Samos
1233 998 1294 1053 et
1325 989 1504 1053 Chios
1537 998 1600 1053 et
1626 990 1871 1053 Rhodos
1906 990 2143 1053 absens.

423 1075 518 1138 Tu
571 1095 990 1159 quamcunque
1037 1077 1185 1139 deus
1217 1076 1325 1138 tibi
1351 1065 1747 1138 fortunaverit
1774 1075 1982 1138 horam

431 1159 626 1224 Grata
653 1183 820 1224 sume
848 1183 1051 1239 manu,
1081 1183 1200 1223 neu
1231 1160 1428 1224 dulcia
1457 1161 1670 1224 differ
1653 1183 1718 1222 111
1746 1181 1993 1244 3111111111,

427 1243 524 1308 Ut
575 1267 934 1329 quocunque
978 1247 1108 1309 loco
1137 1246 1321 1309 fueris
1373 1247 1587 1309 vixisse
1617 1246 1873 1310 libenter

426 1329 514 1393 'I'e
546 1331 745 1394 (11838.
791 1352 930 1394 113111
958 1332 1008 1394 81
1038 1333 1188 1394 ratio
1217 1338 1281 1394 et
1308 1331 1627 1415 prudentia
1655 1352 1854 1411 curas,

427 1415 493 1478 N
495 1438 570 1478 on
598 1418 765 1480 108118
795 1417 965 1480 effusi
991 1419 1110 1480 late
1139 1417 1320 1479 maris
1349 1417 1575 1480 arbiter
1603 1417 1821 1495 aufert,

429 1500 678 1565 Caelum
728 1523 845 1565 non
876 1503 1137 1564 animum
1162 1509 1399 1564 mutant
1450 1502 1550 1585 qui
1582 1509 1747 1565 trans
1776 1521 1942 1565 mare
1972 1505 2244 1565 currunt.

429 1585 692 1652 Strenua
717 1609 825 1651 nos
855 1595 1100 1651 exercet
1125 1587 1380 1663 inertia3
1425 1585 1675 1651 navibus
1704 1594 1889 1671 atque

426 1671 748 1756 Quadrigis
777 1674 1032 1757 petimus
1061 1674 1212 1736 bene
1243 1674 1467 1736 vivere.
1558 1671 1734 1746 Quod
1762 1673 1917 1757 petis
1966 1671 2065 1735 hic
2096 1677 2211 1754 est,

424 1757 542 1822 Est
571 1759 839 1840 Ulubris,
871 1760 1102 1824 animus
1130 1758 1181 1822 si
1209 1765 1270 1822 te
1299 1780 1421 1822 non
1448 1758 1653 1821 deficit
1680 1778 1929 1843 aequus.

1025 2181 1598 2248 EPISTOLA
1678 2135 1901 2250 Χ11

425 2356 792 2422 Ennomus
821 2353 1132 2443 Agrippae
1167 2353 1381 2420 Siculis
1432 2375 1580 2454 quos
1610 2353 1860 2438 colligis,
1875 2354 2039 2437 Icci,

432 2441 500 2508 Si
528 2449 694 2507 recte
723 2442 941 2505 frueris
992 2463 1110 2504 non
1141 2447 1233 2504 est
1260 2448 1330 2503 ut
1357 2441 1529 2522 copia
1556 2441 1745 2525 major

427 2529 530 2593 Ab
557 2527 714 2592 Jove
745 2527 952 2591 donari
980 2527 1168 2611 possit
1195 2519 1323 2590 tibi.
1414 2527 1580 2589 Tolle
1612 2528 1922 2609 (111818138.

427 2614 674 2698 Pauper
701 2613 856 2677 enim
885 2635 1002 2676 non
1032 2620 1126 2676 est
1177 2613 1275 2676 cui
1303 2633 1505 2675 rerum
1532 2613 1799 2694 suppetit
1825 2633 1990 2676 118118.

432 2697 500 2762 Si
530 2699 725 2762 ventri
752 2699 928 2778 bene,
959 2699 1008 2762 81
1039 2700 1216 2761 lateri
1244 2705 1337 2762 est
1366 2697 1735 2798 pedibusque
1766 2697 1906 2778 tuis,
1934 2698 2020 2760 nil

427 2784 692 2850 Divitiae
715 2790 996 2882 poterunt
1026 2784 1260 2866 regales
1289 2783 1512 2846 addere
1543 2784 1756 2866 majus.

373 2943 394 2960 .
432 2868 499 2933 Si
529 2870 680 2932 forte
733 2869 796 2932 in
823 2869 1018 2932 medio
1047 2869 1369 2952 positorum
1400 2869 1721 2931 abstemius
1771 2866 1973 2932 herbis

427 2955 602 3020 Vivis
633 2961 696 3018 et
723 2954 942 3032 urtica,
973 2955 1059 3018 sic
1087 2955 1253 3017 vives
1280 2954 1546 3048 protinus
1600 2961 1672 3015 ut
1699 2960 1759 3016 te

431 3039 760 3104 Confestim
786 3039 1046 3123 liquidus
1073 3037 1381 3102 Fortunae
1412 3038 1579 3100 rivus
1607 3037 1889 3100 inauret:

428 3126 550 3190 Vel
581 3126 722 3226 quia
747 3132 1025 3188 naturam
1052 3131 1286 3188 mutare
1315 3129 1571 3223 pecunia
1602 3123 1816 3202 nescit,

426 3213 549 3278 Vel
580 3212 720 3296 quia
749 3216 966 3275 cuncta
994 3217 1169 3294 putas
1197 3231 1318 3272 una
1348 3209 1567 3272 virtute
1596 3209 1881 3276 minora.

427 3296 722 3361 Miramur
775 3297 826 3360 81
854 3296 1184 3359 Democriti
1212 3315 1396 3379 pecus
1425 3295 1552 3357 edit
1581 3296 1808 3378 agellos

429 3382 727 3482 Cultaque
784 3382 925 3445 dum
953 3402 1210 3466 peregre
1241 3389 1334 3444 est
1362 3381 1593 3444 animus
1622 3381 1748 3443 sine
1779 3399 2026 3464 corpore
2056 3379 2267 3444 velox·
2252 3426 2269 3457 ,

429 3468 581 3531 Cum
613 3475 680 3531 tu
708 3468 868 3530 inter
895 3468 1154 3531 scabiem
1185 3473 1414 3530 tantam
1444 3472 1507 3529 et
1536 3467 1813 3548 contagia
1839 3464 1993 3528 lucri

425 3553 533 3616 Nil
563 3575 814 3636 parvum
841 3553 1038 3636 sapias
1068 3561 1130 3616 et
1159 3553 1353 3616 adhuc
1385 3551 1659 3615 sublimia
1688 3571 1899 3614 cures:

426 3638 596 3712 Quae
628 3660 790 3702 mare
821 3645 1204 3722 compescant
1233 3657 1506 3716 caussae,
1538 3637 1682 3720 quid
1713 3641 2010 3720 temperet
2050 3656 2294 3716 annum,

429 3723 652 3789 Stellae
684 3731 892 3808 sponte
923 3745 1032 3788 sua
1050 3725 1332 3808 jussaene
1364 3730 1661 3805 vagentur
1690 3731 1753 3785 et
1782 3728 2008 3800 errent,

427 3809 587 3883 Quid
617 3817 852 3897 premat
878 3811 1194 3873 obscurum
1225 3809 1428 3888 lunae,
1458 3809 1603 3892 quid
1633 3809 1900 3892 proferat
1938 3807 2165 3886 orbem,

2446 497 2511 548 15

2446 3147 2506 3193 10

2446 3569 2501 3617 15
