2742 4417
458 324 584 389 108

1239 346 1493 393 EPODON
1536 346 1749 395 LIBER.

1155 691 1612 756 OARMEN
1686 693 1833 759 IV.

796 1034 996 1098 LUPIS
1026 1041 1090 1097 et
1119 1034 1288 1116 agnis
1319 1038 1545 1115 quanta
1574 1032 1782 1095 sortito
1812 1032 2049 1117 obtigit,

887 1121 1112 1182 Tecum
1144 1120 1284 1181 mihi
1315 1118 1613 1180 discordia
1644 1126 1758 1193 est,

795 1205 1100 1269 Hibericis
1131 1212 1373 1287 peruste
1407 1204 1649 1268 fu'nibus
1672 1205 1829 1266 latus

883 1289 968 1351 Et
997 1311 1174 1352 crura
1209 1289 1362 1351 dura
1392 1288 1699 1371 compede.

794 1374 970 1438 Licet
998 1377 1289 1459 superbus
1311 1375 1589 1437 ambules
1621 1375 1896 1457 pecunia,
1927 1438 1931 1441 .

889 1460 1157 1524 Fortuna
1185 1484 1304 1523 non
1333 1468 1528 1523 mutat
1557 1482 1768 1543 genus,

800 1545 1094 1625 Videsne,
1129 1545 1379 1609 Sacram
1408 1546 1694 1608 metiente
1726 1555 1787 1609 te
1820 1544 1979 1607 viam

886 1631 1040 1694 Cum
1070 1632 1159 1695 bis
1191 1633 1371 1695 trium
1400 1634 1675 1695 ulnarum
1713 1641 1873 1711 toga,

797 1715 887 1780 Ut
915 1738 1020 1779 ora
1050 1726 1250 1780 vertat
1279 1718 1397 1779 huc
1432 1726 1494 1778 et
1522 1718 1639 1777 huc
1664 1716 1932 1777 euntium

883 1802 1217 1865 Liberrima
1246 1802 1575 1883 indignatio
1603 1800 1628 1861 ⁴?

804 1886 1022 1951 Sectus
1051 1888 1300 1969 flagellis
1331 1888 1426 1947 hic
1458 1884 1922 1947 triumviralibus

886 1972 1208 2035 Praeconis
1240 1971 1315 2033 ad
1347 1971 1652 2033 fastidium

797 2048 956 2121 Atat
985 2057 1227 2119 Falerni
1262 2056 1419 2117 mille
1453 2056 1621 2117 fundi
1642 2056 1865 2138 jugera

884 2140 968 2203 Et
992 2142 1252 2224 Appiam
1281 2142 1513 2203 mannis
1548 2141 1710 2219 terit,

803 2224 1222 2309 sedilibusque
1252 2246 1505 2309 magnus
1536 2226 1596 2288 in
1628 2225 1832 2309 primis
1865 2246 2051 2309 eques
2152 2220 2161 2229 ’

887 2310 1124 2375 Othone
1157 2320 1496 2399 contempto
1550 2310 1760 2375 sedet!
1872 2388 1877 2392 .

799 2393 959 2470 Qui-l
991 2398 1208 2460 attinet
1239 2406 1326 2459 tot
1357 2419 1463 2460 ora
1491 2398 1733 2459 navium
1762 2395 1935 2479 gravi

884 2483 1170 2545 Rostrata
1201 2484 1338 2569 dqci
1369 2483 1633 2567 pondere
1720 2536 1727 2543 .

797 2565 1024 2631 Contra
1054 2570 1316 2633 latrones
1344 2581 1527 2652 atque
1551 2568 1830 2630 servilem
1857 2586 2113 2635 manum,

883 2652 1045 2735 Hoc,
1074 2657 1186 2719 hoc
1219 2656 1456 2717 tribuno
1485 2651 1787 2717 militum?

1187 3028 1785 3141 GARMEN'v.

795 3417 920 3494 AT,
951 3439 986 3481 o
1017 3418 1265 3482 deorum
1295 3416 1581 3501 quidquid
1610 3418 1672 3480 in
1704 3420 1871 3483 caelo
1899 3419 2059 3503 regit

887 3503 1105 3567 Terras
1135 3513 1198 3567 et
1227 3505 1555 3567 humanum
1584 3525 1799 3587 genuS,

805 3586 963 3661 Quid
994 3590 1106 3653 iste
1137 3590 1257 3653 fert
1287 3590 1623 3652 tumultus?
1670 3597 1777 3652 aut
1809 3588 1955 3673 quid
1985 3588 2246 3653 omnium

887 3674 1111 3737 Vultus
1141 3675 1202 3737 in
1233 3698 1417 3745 unum
1448 3697 1543 3737 me
1577 3674 1825 3738 truces?
1927 3680 1931 3691 '

801 3756 926 3821 Per
952 3760 1169 3842 liberos
1200 3770 1285 3837 te,
1317 3761 1368 3823 si
1400 3769 1612 3823 vocata
1640 3760 1933 3845 partubus

885 3842 1118 3909 Lucina
1147 3846 1304 3941 veris
1336 3847 1531 3928 affuit,
1926 3852 1929 3873 ²

1928 3916 1935 3975 i

1927 3976 1951 4117 i

1466 4338 1633 4387 Ἕκ.
1932 4296 1945 4387 ἱ

2438 1784 2540 1869 Διο

2471 2249 2539 2297 15
