2742 4417
370 302 497 365 112

1163 322 1417 371 EPODON
1458 324 1668 371 LIBER.

1039 638 1505 706 OARMEN
1562 640 1783 709 VII.

711 983 873 1061 Qun,
903 1004 1023 1067 quo
1051 983 1291 1048 scelesti
1318 982 1539 1047 ruitis?
1587 991 1695 1048 aut
1722 1005 1833 1049 eur
1860 968 2127 1051 dexteris

795 1068 1108 1152 Aptantur
1137 1090 1310 1132 enses
1341 1069 1615 1132 conditi?

709 1153 1012 1218 Parumne
1043 1155 1268 1236 eampis
1299 1163 1484 1237 atque
1516 1154 1807 1239 Neptuno
1834 1176 2019 1240 super

795 1239 1022 1303 Fusum
1053 1248 1148 1303 est
1175 1240 1377 1303 Latini
1406 1241 1735 1323 sanguinis,

704 1324 772 1389 N
773 1345 849 1387 on
878 1333 948 1388 ut
976 1326 1264 1408 superbas
1292 1326 1531 1389 invidae
1549 1325 1948 1447 Karthaginis

788 1411 1095 1474 Romanus
1125 1432 1294 1475 arces
1324 1418 1552 1490 ureret,

701 1494 977 1560 Intaetus
1009 1503 1116 1559 aut
1142 1496 1475 1559 Britannus
1501 1504 1573 1560 ut
1599 1488 2001 1562 descenderet

791 1580 982 1645 Sacra
1010 1589 1324 1646 catenatus
1354 1582 1474 1661 via,

708 1663 833 1731 Sed
863 1674 933 1729 ut
961 1667 1292 1731 secundum
1321 1674 1463 1731 vota
1485 1662 1847 1731 Parthorum
1874 1687 1986 1732 sua

783 1750 949 1815 Urbs
979 1753 1131 1815 haee
1162 1753 1387 1835 periret
1416 1750 1717 1816 dextera?
2080 1832 2089 1841 ·

698 1835 920 1920 Neque
950 1838 1048 1901 hie
1077 1838 1233 1937 lupis
1260 1859 1389 1901 mos
1415 1857 1529 1901 nee
1557 1838 1674 1901 fuit
1699 1838 1969 1904 leonibus

784 1922 1070 2005 Unquam
1120 1924 1235 1986 nisi
1263 1924 1328 1987 in
1357 1924 1562 2007 dispar
1610 1924 1775 1987 feris.

697 2006 970 2072 Furorne
1002 2030 1242 2088 oaeeuS,
1273 2030 1351 2073 an
1381 2010 1541 2093 rapit
1568 2010 1658 2072 vis
1688 2008 1904 2093 aerior,

783 2092 889 2155 An
921 2094 1145 2178 culpa?
1223 2094 1607 2179 Responsum
1637 2095 1797 2157 dat-e.

697 2177 930 2243 Tacent
958 2187 1023 2242 et
1048 2180 1222 2243 albus
1245 2201 1354 2243 ora
1376 2180 1571 2264 pallor
1596 2180 1786 2243 inficit

779 2262 1141 2348 Montesque
1171 2267 1482 2349 perculsae
1512 2272 1777 2349 stupent.

699 2346 802 2414 Sic
831 2358 959 2413 est:
1008 2351 1228 2414 acerba
1254 2351 1383 2413 fata
1412 2350 1713 2415 Romanos
1742 2355 1931 2434 agunt

784 2433 1114 2519 Scelusque
1144 2437 1449 2500 fraternae
1480 2438 1669 2515 necis,

693 2517 788 2585 Ut
814 2520 1180 2585 immerentis
1206 2522 1422 2585 fiuxit
1405 2544 1471 2586 m
1498 2522 1724 2587 terram
1750 2521 1930 2586 Remi

777 2604 967 2670 Sacer
993 2609 1306 2693 nepotibus
1335 2628 1534 2672 eruor.

990 3029 1454 3096 GARMEN
1512 3032 1773 3101 VIII.

684 3372 959 3438 Rodum
984 3372 1164 3455 longo
1192 3370 1463 3456 putidam
1492 3380 1555 3437 te
1585 3377 1811 3458 seeu10,

772 3458 955 3523 Vires
985 3458 1130 3542 quid
1161 3467 1412 3522 enervet
1439 3462 1644 3527 meas!
1703 3479 1706 3483 ·

685 3541 841 3606 Cum
886 3545 964 3607 sit
1008 3544 1114 3609 tibi
1157 3544 1306 3608 dens
1336 3551 1471 3607 ater
1518 3554 1582 3609 et
1609 3547 1777 3631 rugiet
1804 3552 1980 3613 vetus

769 3628 1055 3693 Frontem
1084 3639 1364 3694 senectus
1395 3639 1625 3711 exaret,

683 3712 954 3797 Hietque
987 3715 1177 3797 turpis
1204 3717 1364 3779 inter
1395 3718 1593 3781 aridas
1621 3724 1794 3782 nates

766 3798 978 3863 Podex
1028 3802 1196 3864 velut
1223 3800 1448 3865 crudae
1478 3803 1665 3867 bons.

2376 1768 2443 1820 1⁰

2372 2200 2435 2249 15
