2742 4417
1023 356 1216 401 cARM.
1261 356 1336 402 11.

465 507 766 572 Libenter
792 507 906 571 hoc
941 513 1004 572 et
1033 529 1204 572 omne
1233 508 1585 574 militabitur

560 593 802 656 Bellum
830 595 894 656 in
925 600 1066 656 tuae
1096 615 1263 676 spem
1292 595 1549 676 gratiae,

461 679 616 742 Non
642 687 714 742 ut
731 680 1010 764 juvencis
1038 680 1268 762 illigata
1297 681 1567 764 pluribus

558 765 790 828 Aratra
818 765 1088 827 nitantur
1115 785 1270 844 mea,

468 850 750 914 Pecusve
781 849 1054 914 Calabris
1084 849 1420 928 antesidus
1449 848 1748 915 fervidum

561 935 812 999 Lucana
839 943 1034 998 mutet
1061 937 1319 1018 paz-iouia,
1908 1013 1917 1022 ,

469 1020 698 1104 Neque
728 1029 800 1084 ut
829 1022 1074 1104 superni
1102 1022 1244 1084 villa
1273 1022 1537 1086 candens
1568 1021 1817 1086 Tusculi

563 1104 818 1170 Circaea
847 1113 1060 1189 tangat
1089 1108 1342 1170 moenia.
1888 1112 1905 1128 ·

469 1191 636 1258 Satis
664 1213 965 1275 superque
994 1213 1090 1255 me
1119 1192 1459 1275 benignitas
1488 1199 1595 1257 tua

559 1277 826 1340 Ditavit:
874 1276 1036 1340 haud
1065 1298 1356 1361 paravero

471 1359 652 1436 Quod
682 1369 791 1426 aut
841 1383 1058 1426 avarus
1086 1369 1158 1425 ut
1188 1362 1478 1428 Chremes
1530 1369 1697 1429 terra
1724 1383 2016 1450 premam,

560 1446 907 1512 Discinctus
937 1456 1044 1512 aut
1071 1449 1320 1534 perdam
1348 1470 1555 1535 nepos.

853 1871 1317 1940 CARMEN
1373 1873 1503 1940 ΙΙ.

475 2215 736 2280 BEATUS
763 2215 864 2280 ille
918 2215 1023 2300 qui
1052 2217 1262 2300 procul
1290 2215 1570 2299 negotiis,

561 2301 653 2366 Ut
678 2302 878 2386 prisca
905 2323 1054 2386 gens
1084 2301 1445 2381 mortalium,

472 2386 742 2452 Paterna
768 2409 912 2450 rura
945 2388 1134 2452 bobus
1163 2395 1410 2451 exercet
1438 2386 1585 2468 suis,

471 2501 480 2510 ·
562 2471 804 2537 Solutus
834 2475 992 2537 omni
1023 2473 1250 2536 fenore.

473 2557 695 2640 Neque
726 2558 1024 2622 excitatur
1053 2559 1304 2622 classico
1332 2557 1504 2621 miles
1534 2557 1716 2639 truci,

559 2643 780 2727 Neque
809 2643 1016 2708 horret
1043 2643 1264 2706 iratum
1291 2663 1482 2722 mare,

470 2727 812 2811 Eorumque
841 2729 994 2792 vitat
1023 2736 1087 2791 et
1115 2730 1377 2813 superba
1406 2728 1626 2793 civium

562 2813 974 2878 Potentiorum
1000 2815 1224 2879 limina.
1642 2847 1647 2850 ·

478 2897 646 2982 Ergo
675 2905 780 2962 aut
807 2899 1016 2962 adulta
1044 2900 1256 2963 vitium
1286 2898 1613 2983 propagine

559 2983 739 3049 Altas
766 2985 1010 3048 maritat
1037 2987 1307 3068 populosi,

476 3067 612 3132 Aut
637 3068 700 3132 in
729 3070 982 3133 reducta
1009 3071 1165 3133 valle
1194 3067 1591 3152 mugientium

564 3153 922 3238 Prospectat
947 3161 1217 3219 errantes
1247 3175 1490 3239 greges,
1646 3159 1651 3166 '

476 3237 850 3322 Inutilesque
880 3240 1034 3302 falce
1065 3261 1260 3305 ramos
1290 3246 1607 3324 amputans

562 3324 884 3388 Feliciores
911 3325 1142 3405 inserit,
1259 3331 1266 3338 '

478 3407 613 3472 Aut
637 3431 808 3494 prcss
874 3411 1040 3494 puris
1068 3411 1247 3474 mella
1275 3409 1481 3473 condit
1508 3407 1829 3493 amphoris,

563 3495 698 3557 Aut
725 3501 828 3558 ton
873 3505 936 3558 et
962 3496 1228 3560 infirmas
1245 3503 1438 3572 'oves;
1596 3508 1601 3514 '

482 3578 603 3643 Vel
661 3601 804 3644 cum
847 3582 1134 3644 decorum
1177 3581 1423 3643 mitibus
1452 3578 1643 3664 pomis
1672 3583 1857 3661 caput

567 3665 953 3728 Auctumnus
983 3666 1144 3748 agris
1175 3665 1411 3744 extulit,

484 3747 579 3812 Ut
605 3751 832 3832 gaudet
858 3751 1099 3814 insitiva
1127 3751 1461 3833 decerpens
1490 3749 1644 3834 pira,

567 3833 917 3900 Certantem
945 3845 1010 3900 et
1035 3857 1212 3900 uvam
1243 3857 1569 3920 purpurae,

2099 339 2227 404 105

2156 3429 2220 3496 15
