2742 4417
463 291 590 354 122

1249 311 1501 360 EPODON
1545 314 1757 360 LIBER.

797 466 1106 550 Injuriosis
1140 467 1342 530 aridus
1376 468 1566 530 ventis
1597 468 1759 532 ferar

801 551 978 615 Cales
1007 555 1251 616 venenis
1281 554 1513 616 officina
1544 551 1859 616 Colchicis·

799 637 967 712 Quae
999 639 1134 702 finis
1164 648 1271 701 aut
1300 639 1461 721 quod
1490 660 1584 700 me
1620 647 1823 701 manet
1858 637 2219 722 stipendium
2245 638 2273 703 ’ἑ

795 723 994 787 Effare
1025 743 1042 799 ;
1076 726 1277 808 jussas
1309 747 1445 786 cum
1472 724 1591 786 fide
1626 745 1847 806 poenas
1873 725 2060 805 luam,

799 809 1058 872 Paratus
1090 811 1353 892 expiare,
1386 831 1494 872 seu
1525 810 1861 891 poposceris

798 895 1055 980 Centum
1075 897 1392 979 juvenem,
1424 893 1549 964 sive
1580 893 1857 956 mendaci
1889 895 2028 977 lyra
2104 933 2111 940 ·

797 981 984 1042 Voles
1016 981 1247 1044 sonari:
1290 979 1384 1042 'su
1414 979 1654 1061 pudica,
1686 987 1753 1042 tu
1784 981 1970 1062 proba

798 1065 1250 1128 Perambulabis
1279 1072 1443 1128 astra
1471 1065 1633 1127 sidus
1663 1086 1932 1127 aureum.

796 1151 1045 1213 Infamis
1076 1151 1350 1214 Helenae
1384 1149 1597 1213 Castor
1626 1150 1880 1212 offensus
1908 1150 2103 1214 vicem

793 1235 1130 1319 Fraterque
1159 1237 1360 1318 magni
1394 1234 1658 1298 Castoris
1711 1237 1853 1298 victi
1882 1257 2063 1322 prece

797 1321 1108 1407 Adempta
1137 1323 1263 1386 vati
1292 1321 1615 1385 reddidere
1643 1320 1889 1383 lumina.

797 1406 881 1470 Et
910 1413 998 1486 tu,
1030 1415 1197 1491 potes
1225 1429 1386 1483 nam,
1417 1407 1578 1470 solve
1606 1428 1703 1470 mc
1734 1406 2057 1487 dementia,

799 1491 853 1556 O
885 1513 997 1556 nec
1029 1493 1292 1576 paternis
1321 1492 1586 1556 obsoleta
1614 1492 1907 1571 sordibus,

796 1578 1016 1662 Neque
1047 1579 1108 1641 in
1137 1578 1427 1661 sepulcris
1456 1599 1786 1661 pauperum
1815 1577 2079 1660 prudens
2106 1597 2258 1642 anus

792 1663 858 1726 N
859 1664 1200 1727 ovendiales
1229 1663 1516 1746 dissipare
1549 1665 1845 1746 pulveres.

797 1750 931 1812 Tibi
957 1750 1249 1833 hospitale
1280 1758 1492 1833 pectus
1548 1756 1611 1812 et
1639 1769 1825 1832 purae
1857 1769 2093 1834 manuS,
2168 1763 2173 1768 “

706 1849 712 1856 ’
793 1835 1076 1918 'suusque
1110 1842 1320 1897 venter
1349 1834 1755 1912 PactumeiuS,
1788 1841 1851 1896 et
1880 1843 1983 1898 tuo

800 1919 1026 1983 Cruore
1057 1921 1266 1982 rubros
1296 1921 1584 1983 obstetrix
1613 1941 1839 2003 pannos
1866 1920 2037 1998 lavit,

794 2005 1125 2089 Utcunque
1154 2005 1325 2068 fortis
1355 2005 1555 2068 exsilis
1585 2026 1901 2089 puerpera.

787 2103 791 2108 '
883 2089 1044 2164 Quid
1067 2091 1360 2155 obseratis
1380 2091 1627 2156 auribus
1648 2092 1853 2156 fundis
1877 2113 2092 2177 preces
2118 2091 2145 2156 ’.Ρ

802 2179 947 2242 Non
975 2199 1122 2242 saxa
1149 2179 1325 2242 nudis
1355 2179 1631 2242 surdiora
1656 2178 1875 2241 navitis

799 2265 1122 2347 Neptunus
1153 2265 1270 2327 alto
1301 2265 1501 2327 tundit
1528 2265 1811 2326 hibernus
1840 2265 1987 2328 salo·

801 2349 1038 2414 Inultus
1068 2357 1137 2412 ut
1166 2359 1233 2413 tu
1261 2351 1463 2414 riseris
1495 2348 1765 2428 Cotyttia

799 2435 1091 2517 Vulgata,
1123 2457 1359 2498 sacrum
1388 2435 1559 2498 liberi
1592 2433 1922 2517 Cupidinis,
1973 2502 1982 2509 ‚

801 2520 886 2584 Et
915 2521 1204 2604 Esquilini
1237 2521 1517 2584 Pontifex
1547 2521 1795 2583 venefici
2238 2591 2243 2597 ⁵

797 2606 1052 2690 Impune
1082 2614 1152 2669 ut
1180 2606 1410 2670 Urbem
1438 2606 1671 2668 nomine
1703 2603 1964 2688 impleris
1992 2595 2153 2670 meo!

803 2691 961 2766 Quid
991 2692 1275 2774 proderat
1305 2693 1525 2754 ditasse
1559 2691 1839 2773 Pelignas
1870 2711 2047 2775 anuS‚

800 2778 1159 2840 Velociusve
1189 2778 1494 2840 miscuisse
1529 2777 1784 2839 toxicum
1810 2775 1837 2838 ⁴?

804 2861 930 2925 Sed
958 2863 1219 2925 tardiora
1247 2863 1373 2925 fata
1404 2870 1463 2924 te
1496 2862 1645 2924 votis
1675 2866 1962 2924 manentt

799 2946 1052 3030 Ingrata
1079 2948 1295 3010 misero
1326 2949 1449 3010 vita
1480 2947 1754 3010 ducenda
1784 2958 1877 3008 est
1903 2945 1966 3007 in
1993 2947 2107 3012 hoo

802 3032 994 3096 Novis
1023 3040 1093 3094 ut
1119 3054 1309 3116 usque
1341 3040 1625 3115 suppetas
1653 3032 1974 3095 laboribus.

801 3116 992 3201 Optat
1020 3117 1282 3200 quietem
1313 3118 1552 3200 Pelopis
1582 3118 1748 3180 infidi
1776 3125 1970 3199 pater,

805 3203 1010 3286 Egens
1038 3204 1332 3285 benignae
1362 3204 1650 3266 Tantalus
1680 3223 1916 3284 semper
1945 3200 2141 3286 dapis,

802 3288 992 3372 Optat
1020 3288 1413 3352 Prometheus
1443 3289 1737 3371 obligatus
1767 3287 1919 3364 aliti,

805 3374 994 3460 Optat
1022 3395 1296 3457 supremo
1327 3375 1617 3436 collocare
1653 3372 1946 3458 Sisyphus

802 3461 879 3522 In
907 3467 1110 3523 monte
1141 3479 1388 3536 saxum3
1433 3459 1541 3522 sed
1571 3467 1781 3522 vetant
1807 3460 1972 3540 leges
2002 3457 2047 3522 J
2048 3456 2195 3522 ovis·

801 3546 990 3609 Voles
1018 3545 1192 3608 modo
1222 3545 1356 3608 altis
1388 3544 1624 3607 desilire
1654 3545 1940 3621 turribus,

797 3629 984 3696 Modo
1014 3652 1154 3694 ense
1185 3638 1399 3716 pectus
1429 3630 1655 3694 Norico
1684 3629 2021 3709 recludere,

2470 1003 2538 1050 40

2468 1427 2535 1474 45

2472 3562 2533 3610 70
