2742 4417
1900 721 1947 776 Ὀ

1012 923 1088 1000 Q.
1146 924 1524 990 HORATII
1578 923 1899 990 FLACCI

581 1123 2225 1240 'EPISTOLARUM

1109 1415 1335 1472 LIBER
1385 1417 1806 1474 SECUNDUS.

1305 1653 1617 1700 ...Φ-...-

1109 1870 1658 1938 EPISTOLA
1728 1871 1795 1936 1·.

420 2047 568 2112 CUM
610 2050 702 2110 tot
745 2041 1046 2109 sustineas
1085 2050 1152 2109 et
1177 2050 1348 2108 tanta
1375 2043 1618 2127 negotia
1646 2044 1829 2125 solus,

423 2134 550 2196 Res
579 2132 766 2196 Itala-s
796 2130 974 2194 armis
1006 2131 1240 2208 tuteris,
1268 2131 1530 2194 moribus
1558 2151 1758 2209 ornes,

421 2219 687 2302 Legibus
716 2216 1023 2296 emendes,
1050 2215 1114 2277 in
1145 2216 1387 2298 publica
1416 2215 1729 2278 commoda
1759 2237 2007 2299 peccem

426 2304 492 2368 Si
523 2306 698 2387 longo
731 2324 1000 2366 sermone
1031 2323 1227 2365 morer
1256 2309 1364 2365 tua
1392 2308 1685 2384 tempora,
1715 2300 1961 2365 Caesar.

424 2391 724 2453 Romulus
769 2397 835 2452 et
878 2387 1064 2451 Liber
1151 2396 1284 2452 ater
1327 2397 1392 2453 et
1426 2407 1563 2450 cum
1595 2385 1843 2450 Castore
1875 2387 2111 2469 Pollux,

422 2475 569 2537 Post
597 2473 865 2557 ingentia
891 2473 1054 2536 facta
1123 2494 1328 2536 eorum
1357 2473 1423 2534 in
1450 2473 1675 2556 templa
1704 2474 1956 2556 recepti,

422 2559 586 2623 Dum
615 2567 808 2623 terras
836 2559 1256 2642 hominumque
1287 2559 1491 2622 colunt
1520 2579 1732 2640 genuS,
1764 2579 1977 2642 aspera
2003 2560 2163 2625 bella
2204 2631 2215 2642 ,

426 2646 822 2728 Compmunt,
853 2666 1030 2726 agros
1060 2646 1388 2727 assignant,
1418 2644 1637 2726 oppida
1667 2645 1955 2725 condunt,

423 2730 746 2794 Ploravere
777 2730 899 2792 suis
929 2752 1046 2792 non
1076 2730 1436 2812 respondere
1468 2730 1732 2800 favorem

428 2815 746 2897 Speratum
776 2815 1022 2878 meritis·
1112 2814 1322 2890 Diram
1352 2815 1457 2898 qui
1486 2816 1757 2878 contudit
1783 2815 2039 2900 hydram

425 2900 710 2982 Notaque
741 2901 910 2962 fatali
942 2906 1218 2982 portenta
1244 2900 1447 2962 labore
1478 2900 1739 2983 subegit,

427 2984 734 3069 Comperit
762 2985 1044 3048 invidiam
1074 3006 1351 3068 supremo
1379 2985 1499 3046 fine
1532 2985 1780 3049 domari.
1896 3043 1913 3058 ,

429 3071 570 3135 Urit
599 3071 754 3134 enim
785 3071 1016 3154 fulgore
1051 3091 1158 3132 suo
1210 3071 1315 3154 qui
1348 3078 1711 3154 praegravat
1738 3077 1900 3136 artes

426 3158 599 3220 Infra
628 3179 692 3220 se
724 3155 982 3240 'p‘ositas3
1029 3157 1357 3219 exstinctus
1388 3157 1684 3220 amabitur
1709 3157 1890 3222 idem.
1930 3211 1935 3216 .

426 3243 746 3306 Praesenti
772 3243 877 3305 tibi
907 3248 1170 3304 maturos
1198 3242 1488 3325 largimur
1515 3243 1791 3322 honoreS,
2000 3245 2011 3254 '

425 3330 469 3391 J
475 3329 852 3412 urandasque
886 3335 1053 3390 tuum
1082 3349 1191 3409 per
1219 3348 1435 3391 nomen
1464 3329 1735 3412 ponimus
1765 3349 1922 3409 arae,

428 3415 534 3476 Nil
563 3415 854 3476 oriturum
884 3415 1052 3492 alias,
1083 3415 1167 3476 nil
1195 3423 1391 3478 ortum
1422 3415 1543 3477 tale
1573 3415 1851 3478 fatentes.

432 3499 558 3562 Sed
605 3509 745 3562 tuus
792 3500 886 3562 hic
933 3501 1210 3583 populuS,
1255 3500 1497 3583 sapiens
1536 3507 1599 3562 et
1618 3501 1819 3585 justus
1847 3501 1909 3562 in
1942 3521 2080 3583 unc,

427 3586 514 3670 Te
545 3587 760 3648 nostris
790 3585 1062 3663 ducibu5‚
1093 3593 1154 3648 te
1187 3584 1388 3649 Graiis
1418 3586 1829 3662 antefer-ende,

431 3672 653 3734 Cetera
681 3692 1059 3754 nequaquam
1090 3672 1263 3734 simili
1293 3673 1523 3736 ratione
1550 3672 1842 3755 modoque

427 3758 754 3836 Aestimat,
787 3765 851 3821 et
874 3757 986 3819 nisi
1015 3777 1170 3839 quae
1202 3757 1379 3820 terris
1410 3766 1636 3820 semota
1664 3759 1906 3838 suisque
2002 3799 2014 3810 ·

429 3843 818 3926 Temporibus
847 3842 1134 3905 defuncta
1165 3841 1350 3922 videt,
1380 3843 1613 3906 fastidit
1641 3849 1704 3905 et
1732 3843 1898 3921 odit;

2434 2839 2502 2889 10

2437 3264 2504 3314 15
