2742 4417
449 327 536 395 72

1314 350 1663 398 cARM‘Imm

787 499 1062 582 Interim,
1093 501 1236 566 dum
1265 509 1334 566 tu
1363 505 1591 568 celeres
1621 504 1873 597 sagittas

785 586 1040 668 PromiS‚
1063 589 1214 652 haec
1245 589 1457 652 dentes
1488 591 1653 652 acuit
1680 590 1997 672 timendos,

792 671 1046 736 Arbiter
1073 695 1311 758 pugnae
1341 675 1609 758 posuisse
1638 677 1801 740 nudo

1135 757 1262 822 Sub
1293 761 1447 844 pede
1480 762 1735 844 palmam

789 841 1034 923 Fertur,
1067 850 1130 906 et
1157 845 1280 908 leni
1307 850 1585 909 recreare
1616 853 1797 910 vento

791 925 1080 1011 Sparsum
1109 930 1369 994 odoratis
1398 932 1715 994 humerum
1744 931 1995 1016 ca'pffliS,

791 1011 998 1086 Qualis
1027 1021 1134 1078 auf,
1164 1015 1390 1079 Nireus
1418 1017 1535 1079 fuit
1584 1025 1692 1080 aut
1720 1037 1947 1100 aquosa

1127 1100 1368 1185 Raptus
1394 1103 1469 1166 ab
1501 1101 1639 1166 Ida.

1095 1521 1555 1590 GARMEN
1606 1523 1860 1590 XXI.

791 1860 846 1927 Ο
876 1879 1050 1926 NATA
1075 1883 1314 1926 mecum
1342 1861 1585 1924 consule
1614 1861 1865 1942 Manlio,

792 1947 918 2014 Seu
947 1955 1017 2011 tu
1043 1947 1322 2030 querelas
1373 1945 1499 2010 sive
1530 1949 1691 2030 geris
1706 1949 1905 2032 jocos.

877 2031 1002 2096 Seu
1028 2033 1218 2094 rixam
1241 2039 1306 2094 et.
1331 2031 1569 2096 insanos
1600 2054 1830 2110 amores

963 2115 1087 2180 Seu
1115 2117 1372 2196 facilem,
1404 2117 1505 2201 pia
1554 2125 1733 2195 testa,
1764 2140 2061 2198 somnum,-

791 2200 1165 2285 Quocunque
1193 2203 1419 2267 lectum
1448 2204 1683 2267 nomine
1714 2203 2045 2272 Massicum

791 2287 1034 2368 Servas‚
1061 2290 1288 2352 moveri
1317 2287 1502 2371 digna
1527 2289 1681 2353 bono
1710 2290 1834 2369 die,
2066 2293 2079 2306 ‘

871 2373 1214 2453 Descende,
1247 2373 1506 2438 Corvino
1526 2375 1781 2458 jubente

954 2459 1242 2526 Promere
1269 2460 1648 2543 languidiora
1675 2461 1832 2526 vina.

782 2543 850 2609 N
850 2565 928 2608 on
954 2545 1076 2622 ille,
1108 2567 1471 2630 quamquam
1503 2544 1825 2610 Socraticis
1854 2547 2061 2612 madet

791 2628 1201 2714 Sermonibus,
1228 2638 1289 2694 te
1316 2631 1601 2714 negleget
1617 2631 1893 2696 horridus
1919 2653 1937 2695 ε

871 2714 1177 2779 Narratur
1206 2723 1270 2778 ef,
1297 2717 1478 2798 prisci
1509 2716 1753 2779 Catonis

963 2797 1158 2882 Saepe
1189 2821 1352 2863 mero
1382 2800 1635 2863 caluisse
1666 2800 1877 2863 virtus.

785 2884 880 2948 'ru
907 2884 1042 2947 lene
1072 2878 1435 2948 tornienmm
1460 2883 1701 2967 ingenio
1731 2885 2012 2950 admoves

785 2968 1152 3052 Plerumque
1183 2968 1332 3042 duro,
1359 2988 1378 3045 ;
1424 2978 1492 3031 tu
1520 2969 1878 3062 sapientium

877 3053 1072 3117 Guras
1101 3061 1164 3117 et
1191 3074 1482 3116 arcanum
1501 3055 1705 3138 jocoso

961 3137 1287 3202 Consilium
1313 3140 1541 3222 retegis
1572 3140 1775 3224 Lyaeo
1802 3160 1821 3218 3

789 3223 885 3288 'l'u
913 3243 1082 3307 spem
1109 3224 1350 3290 reducis
1377 3225 1675 3290 mentibus
1704 3225 1893 3292 anxiis

787 3309 1113 3393 Viresque‚
1143 3319 1208 3373 et.
1237 3310 1410 3376 addis
1440 3331 1665 3376 cornua
1692 3310 1965 3396 pauperi,

752 3457 756 3462 .
875 3394 1024 3458 Post
1052 3403 1116 3460 te
1143 3417 1342 3479 neque
1369 3396 1552 3461 iratos
1581 3398 1862 3462 trementi

839 3412 924 3554 K
961 3481 1199 3564 Regum
1229 3482 1430 3565 apices
1482 3503 1677 3566 neque
1706 3483 1959 3546 militum
1988 3503 2175 3546 arma.

791 3565 881 3640 Te
910 3565 1096 3630 Liber
1145 3575 1233 3646 eh,
1255 3569 1306 3632 si
1335 3570 1498 3631 laeta
1526 3569 1743 3645 aderit,
1760 3567 1987 3632 :Venus

794 3649 1146 3735 Segnesque
1175 3654 1398 3717 nodum
1427 3655 1658 3718 solvere
1691 3653 1941 3718 Gratiae

877 3736 1194 3821 vivaeque
1223 3738 1558 3820 producent
1583 3741 1892 3816 lucernae,

961 3820 1125 3885 Dum
1152 3822 1394 3886 rediens
1419 3823 1595 3906 fugat
1624 3831 1789 3888 astra
1816 3824 2115 3888 Phoebus.

2464 613 2534 663 10

2466 1037 2535 1086 15

2461 2657 2525 2708 10

2462 3079 2523 3130 15
