2742 4417
489 324 615 388 214
898 341 906 348 ·
1305 339 1751 388 nms‘ronARUM

485 495 786 558 Tellurem
816 515 1018 577 porcO,
1054 494 1364 558 Silvanum
1391 496 1550 558 lacte
1581 495 1849 578 piabant,

482 579 765 644 Floribus·
785 588 848 643 et
880 581 1012 644 vino
1047 581 1304 646 Genium
1333 602 1657 663 memorem
1685 580 1883 642 brevis
1913 579 2069 642 aevi.

485 667 858 728 Fescennina
889 689 996 750 per
1024 669 1183 731 hunc
1215 669 1458 730 inventa
1486 665 1731 728 licentia
1758 687 1984 730 morem

481 752 777 815 Versibus
807 753 1063 815 alternis
1081 754 1398 836 opprobria
1426 753 1654 814 rustica
1681 751 1860 829 fudit,

480 837 876 920 Libertasque
909 847 1288 902 recurrentes
1319 845 1571 921 accepta
1602 858 1709 920 per
1738 858 1925 900 annos

481 924 654 986 Lusit
687 925 1040 1001 amabiliter,
1072 925 1260 987 donec
1283 925 1411 1008 jam
1442 943 1656 986 saevus
1686 931 1957 1005 apertam

481 1010 556 1071 In
588 1011 814 1072 rabiem
845 1011 1042 1109 coepit
1072 1011 1236 1078 verti
1253 1011 1431 1093 jocus
1461 1015 1524 1070 et
1552 1029 1661 1090 per
1689 1009 1969 1072 honestas

483 1095 581 1157 Ire
617 1095 864 1157 domos
851 1117 1090 1177 impune
1121 1095 1339 1157 minax.
1430 1093 1695 1156 Doluere
1726 1100 1977 1158 cruento

477 1179 680 1246 Dente
711 1180 997 1256 lacess1t1,
1025 1180 1140 1242 fuit
1168 1179 1411 1278 intactis
1441 1199 1679 1262 quoque
1710 1199 1857 1242 cura

485 1261 844 1328 Condicione
880 1286 1063 1349 super
1091 1264 1418 1346 communi;
1440 1265 1585 1347 quin
1616 1263 1797 1327 etiam
1825 1265 1925 1329 lex

482 1350 807 1432 Poenaque
838 1351 962 1412 lata
1014 1352 1168 1414 malo
1199 1372 1354 1434 quae
1384 1351 1569 1413 nollet
1598 1351 1860 1414 carmine
1892 1371 2255 1436 quemquam

478 1436 796 1501 Describi·
780 1482 797 1513 ‚
842 1443 1078 1500 vertere
1109 1438 1371 1517 modum,
1402 1436 1715 1499 formidine
1745 1436 1919 1500 fustis

481 1523 587 1585 Ad
617 1523 769 1585 bene
803 1522 1132 1586 dicendum.
1145 1522 1688 1604 delectandumque
1718 1522 1970 1586 redacti.

484 1607 744 1672 Graecia
773 1616 952 1691 capta
980 1610 1175 1671 ferum
1205 1609 1493 1671 victorem
1523 1608 1685 1691 cepit
1737 1615 1802 1670 et
1828 1616 1991 1672 artes
2102 1613 2106 1617 '

480 1691 696 1756 Intulit
727 1695 960 1776 agresti⁴
982 1695 1189 1757 Latio:
1235 1695 1322 1757 sic
1351 1694 1634 1776 horridus·
1655 1693 1755 1756 ille

479 1779 750 1843 Defluxit
780 1801 1066 1843 numerus
1099 1779 1417 1843 Saturnius
1470 1786 1537 1864 et
1562 1799 1747 1861 grave
1776 1779 1941 1856 virus

480 1865 820 1928 Munditias
853 1867 1136 1948 pepulere
1165 1885 1182 1942 ;
1227 1865 1335 1928 sed
1364 1865 1428 1928 in
1456 1867 1699 1947 longum
1730 1871 1930 1927 tamen
1960 1885 2176 1930 aevum

478 1950 836 2014 Manserunt
866 1951 1158 2034 hodieque
1187 1957 1434 2014 manent
1462 1951 1717 2032 vestigia
1743 1951 1919 2013 ruris.

481 2035 666 2100 Serus
698 2036 856 2098 enim
887 2035 1139 2100 Graecis
1169 2037 1433 2100 admovit
1462 2037 1739 2100 acumina
1768 2035 2013 2115 chartiS,

413 2155 418 2161 ⁴
477 2122 562 2185 Et
592 2130 725 2205 post
758 2123 988 2186 Punica
1015 2123 1172 2185 bella
1201 2122 1439 2206 quietus
1469 2143 1761 2205 quaerere
1790 2122 1988 2204 coepit

478 2146 637 2281 Quid
672 2207 994 2292 Sophocles
1024 2216 1088 2271 et
1117 2208 1368 2290 Thespis
1400 2215 1463 2271 et
1492 2209 1835 2292 Aeschylus
1862 2208 2009 2271 utile
2043 2206 2294 2272 ferrent.

476 2295 757 2358 Tentavit
785 2315 1024 2378 quoque
1051 2315 1198 2372 rem,
1209 2315 1256 2356 s1
1287 2294 1467 2376 digne
1499 2302 1733 2358 vertere
1765 2299 1987 2376 posset,

475 2379 560 2443 Et
589 2381 818 2464 placuit
847 2381 980 2458 sibi,
1009 2389 1228 2443 natura
1255 2380 1521 2442 sublimis
1550 2387 1612 2444 et
1640 2399 1817 2442 acer:

475 2466 638 2529 Nam
669 2467 858 2551 spirat
887 2467 1181 2550 tragicum
1210 2466 1354 2530 satis
1386 2473 1449 2528 et
1476 2466 1733 2528 feliciter
1762 2445 1968 2545 audet,

480 2551 602 2614 Sed
637 2562 872 2636 turpem
902 2560 1075 2636 putat
1103 2552 1314 2616 inscite
1345 2552 1675 2634 metuitque
1707 2551 1969 2614 lituram.

475 2635 764 2701 Creditur
795 2657 872 2700 ex
901 2637 1099 2701 medio
1128 2635 1274 2720 quia
1301 2659 1401 2702 res
1432 2636 1686 2702 arcessit
1714 2636 1940 2700 habere

477 2719 722 2784 Sudoris
751 2722 1078 2800 minimum,
1109 2723 1216 2786 sed
1247 2722 1431 2786 habet
1459 2721 1762 2786 comoedia
1792 2728 1960 2784 tanto

477 2805 621 2869 Plus
651 2808 846 2870 oneris
899 2817 1124 2890 quanto
1151 2809 1362 2870 veniae
1392 2808 1607 2870 minus.
1696 2806 1988 2890 Adspice,
2018 2807 2273 2872 Plautus

476 2889 606 2962 Quo
637 2900 814 2975 pacto
846 2900 1048 2974 partes
1077 2899 1310 2954 tutetur
1339 2893 1591 2956 amantis
1630 2886 1869 2974 ephebi,

477 2975 565 3038 Ut
594 2977 792 3059 patris
809 2977 1044 3054 attenti,
1074 2978 1302 3039 lenonis
1332 2986 1403 3039 ut
1429 2976 1729 3039 insidiosi·
1713 3021 1731 3052 ,

476 3060 748 3134 Quantus
777 3063 857 3126 sit
887 3063 1232 3124 Dossennus
1263 3062 1590 3125 edacibus
1573 3084 1636 3124 m
1665 3061 1963 3144 parasitis,

473 3146 668 3221 Quam
697 3169 816 3212 non
845 3147 1132 3211 adstricto
1162 3156 1478 3247 percurrat
1504 3147 1736 3232 pulpita
1764 3167 1979 3218 socco·
1963 3193 1981 3224 ,

471 3232 672 3297 Gestit
702 3235 856 3298 enim
888 3255 1191 3296 nummum
1220 3234 1283 3296 in
1312 3234 1537 3297 loculos
1569 3233 1908 3314 demittere,
1938 3240 2073 3318 post
2098 3235 2211 3298 hoc

474 3319 738 3383 Securus
793 3320 973 3383 cadat
1005 3340 1084 3382 an
1116 3326 1280 3382 recto
1309 3326 1431 3382 stet
1459 3320 1661 3382 fabula
1689 3320 1831 3382 tale.

473 3404 665 3476 Quem
696 3407 832 3468 tulit
863 3405 940 3468 ad
971 3426 1210 3469 scenam
1239 3411 1486 3468 ventoso
1518 3403 1723 3468 Gloria
1753 3426 1935 3468 curru

470 3489 791 3553 Exanimat
820 3492 1016 3554 lentus
1046 3498 1368 3574 spectator,
1400 3491 1643 3554 sedulus
1672 3492 1876 3554 inflat:

387 3602 397 3612 ·
473 3574 572 3637 Sic
604 3576 760 3655 leve,
791 3577 876 3639 sic
907 3598 1156 3659 parvum
1185 3585 1299 3655 est,
1333 3578 1593 3640 animum
1624 3577 1783 3660 quod
1811 3576 2005 3640 laudis
2044 3598 2293 3642 avarum

463 3659 723 3723 Subruit
752 3669 856 3724 aut
886 3663 1098 3725 reficit.
1187 3625 1413 3726 Valeat
1440 3685 1537 3726 res
1565 3663 1799 3726 ludicra
1851 3663 1901 3726 si
1930 3684 2025 3725 me

468 3747 679 3809 Palma
712 3756 934 3828 negata
962 3769 1249 3825 macrum,
1280 3743 1501 3812 donata
1530 3749 1766 3812 reducit
1793 3749 2073 3832 opimum.

470 3830 666 3920 Saepe
697 3833 878 3898 etiam
908 3833 1200 3897 audacem
1229 3833 1405 3918 fugat
1432 3837 1543 3898 hoc
1576 3841 1883 3917 terretque
1912 3839 2175 3917 poetam,

2472 689 2579 739 145

2472 1116 2579 1167 150

2468 1549 2573 1597 155

2464 1973 2563 2024 160

2464 2401 2564 2452 165

2461 2830 2559 2882 170

2451 3255 2551 3304 175

2452 3685 2549 3735 180
