2742 4417
978 371 1111 419 m.
1157 358 1233 418 1.‘
1256 341 1457 420 s12'1str.
1504 371 1618 420 xx.

255 524 492 600 Quodsi
533 548 653 592 non
694 525 831 590 odio
858 526 1166 612 peccantis
1195 525 1417 611 desipit
1445 547 1663 610 augur,

257 611 458 675 Carus
489 613 604 676 eris
634 613 863 676 Romae
916 612 1106 676 donec
1135 619 1196 675 te
1230 612 1471 676 deserat
1500 620 1667 676 aetas
1692 632 1711 690 ;

256 696 688 762 contrectatus
715 698 1118 780 ubkmanibus
1147 697 1495 762 sordescere
1526 698 1691 782 vulgi
1724 768 1731 775 ,

257 781 570 866 coeperis,
603 791 711 847 aut
737 783 932 848 tineas
960 779 1168 868 pesces
1199 783 1533 846 taciturnus
1560 783 1808 863 inertes,

254 869 394 931 Aut
420 868 620 952 fugies
650 861 894 933 Uticam
947 871 1053 932 aut
1077 869 1313 932 vinctus
1339 869 1597 933 mitteris
1625 868 1914 933 Ilerdam.

255 954 508 1017 Ridebit
535 955 790 1018 monitor
817 977 937 1018 non
967 953 1307 1034 exauditus,
1337 961 1409 1017 ut
1443 955 1543 1018 ille

256 1038 381 1112 Qui
408 1041 564 1104 male
593 1048 907 1124 parentem
933 1041 997 1104 in
1025 1061 1206 1124 rupes
1238 1040 1527 1124 protrusit
1554 1041 1805 1105 asellum

257 1125 505 1188 Iratus:
551 1127 690 1210 quis
717 1127 875 1190 enim
904 1127 1156 1190 invitum
1185 1146 1427 1189 servare
1456 1125 1739 1190 laboret?

253 1209 398 1273 Hoc
427 1231 668 1295 quoque
697 1217 760 1275 te
787 1218 1012 1293 manet,
1041 1219 1112 1276 ut
1139 1233 1356 1296 pueros
1388 1213 1685 1275 elementa
1713 1212 2031 1276 docentem

257 1294 540 1381 Occupet
570 1297 852 1362 extremis
880 1298 945 1361 in
974 1297 1121 1362 vicis
1149 1298 1328 1370 balba.
1355 1303 1657 1361 senectus.

260 1381 423 1444 Cum
467 1381 577 1444 tibi
619 1383 708 1445 sol
745 1382 984 1468 tepidus
1011 1385 1216 1468 plures
1249 1382 1583 1446 admoverit
1610 1403 1812 1463 aures,

254 1467 384 1544 Me,
395 1467 675 1532 libertino
702 1477 912 1532 natum
939 1477 1112 1553 patre
1145 1475 1208 1532 et
1234 1469 1298 1532 in
1326 1468 1613 1554 tenuire,

254 1552 526 1637 Majores
556 1575 785 1638 pennas
812 1554 953 1618 nido
983 1555 1322 1618 extendisse
1355 1553 1640 1638 loqueris,
1696 1633 1707 1642 .

254 1637 352 1703 Ut
379 1647 674 1723 quantum
701 1639 908 1723 generi
938 1641 1144 1704 demas
1196 1639 1516 1703 virtutibus
1546 1637 1779 1718 adds-¹33

254 1724 368 1788 Me
396 1725 604 1809 primis
628 1724 817 1789 Urbis
833 1725 976 1790 belli
996 1726 1288 1810 placuisse
1319 1725 1597 1809 domique
1625 1744 1644 1803 3
1703 1745 1713 1756 ·

257 1808 542 1894 Corporis
573 1810 794 1894 exigui,
823 1833 1208 1896 praecanam,
1238 1812 1459 1875 solibus
1489 1817 1718 1894 aptum,

253 1896 453 1960 Irasci
481 1898 763 1976 celerem,
792 1905 993 1961 tamen
1023 1905 1092 1961 ut
1119 1897 1427 1982 placabilis
1457 1916 1671 1960 essem.

252 1981 444 2045 Forte
475 2003 677 2046 meum
704 1982 756 2047 si
784 1984 918 2067 quis
947 1990 1009 2046 te
1033 1983 1489 2068 percontabitur
1516 2002 1755 2060 aevum,

253 2067 368 2132 Me
401 2076 622 2151 quater
647 2068 918 2133 undenos
946 2067 1100 2133 sciat
1125 2069 1465 2152 implevisse
1496 2067 1869 2134 Decembres

255 2152 574 2239 Gollegam
601 2153 899 2241 Lepidum
928 2176 1048 2241 quo
1078 2154 1250 2218 duxit
1278 2154 1505 2220 Lollius
1534 2173 1713 2218 anno.

943 3159 1083 3228 1⁸·

2210 355 2337 424 209

2278 634 2339 683 10

2276 1059 2338 1108 15
