2742 4417
915 340 1045 387 LIB.
1092 338 1196 387 111.
1242 342 1440 388 cARM.
1486 338 1677 390 XXIV.

685 489 998 557 ‘Virtutem
1026 494 1383 558 incolumem
1410 494 1663 573 odimus,

607 574 918 642 Sublatam
947 600 1022 642 ex
1051 580 1238 643 oculis
1267 580 1610 663 quaerimus
1636 580 1862 646 invidi.-

689 661 849 737 Quid
879 664 1081 741 tristes
1109 666 1515 749 querimoniae

605 746 672 812 Si
699 770 819 813 non
849 751 1138 834 supplicio
1166 752 1346 834 culpa
1375 747 1711 816 reciditur?

686 832 848 907 Quid
878 836 1044 917 leges
1098 836 1224 899 sine
1255 837 1517 901 moribus

473 924 482 931 '
607 917 823 984 Vanae
877 921 1215 1002 proficiunt,
1245 922 1295 984 si
1325 943 1522 1006 neque
1550 922 1799 987 fervidis

303 998 1590 1167 Ἣηῃῗῒὲὲῗῐῑὲἕᾙω
1615 1093 1817 1177 m,

683 1175 1078 1259 Durataeque
1101 1178 1230 1240 solo
1259 1179 1428 1242 nives
1445 1218 1475 1260 9

591 1258 997 1324 Mercatorem
1027 1262 1297 1344 abigunt,
1327 1264 1571 1329 horrida
1598 1262 1799 1329 callidi
1882 1334 1891 1341 ,

680 1346 956 1410 Vincunt
986 1368 1249 1430 aequora
1277 1349 1539 1428 navitae,

591 1430 889 1514 Magnum
922 1433 1236 1517 pauperies
1267 1434 1647 1517 opprobrium
1664 1434 1845 1521 jubet

680 1515 932 1591 Quidvis
962 1527 1025 1581 et
1047 1519 1250 1581 facere
1281 1528 1344 1581 et
1372 1529 1501 1603 pati

591 1600 978 1686 Virtutisque
1009 1604 1168 1666 viam
1197 1604 1422 1667 deserit
1450 1604 1724 1669 arduae?

677 1688 798 1752 Vel
829 1709 934 1752 nos
964 1689 1027 1751 in
1058 1688 1417 1772 Capitolium

593 1769 725 1846 Quo
755 1774 980 1837 clamor
1007 1782 1184 1838 vocat
1211 1783 1276 1838 et
1303 1776 1482 1840 turba
1508 1773 1865 1855 faventium,

677 1856 798 1921 Vel
828 1879 936 1921 nos
963 1859 1028 1922 in
1055 1880 1220 1923 mare
1250 1862 1583 1945 proximum

594 1940 878 2007 Gemmas
930 1952 994 2008 et
1021 1945 1252 2028 lapides
1303 1967 1519 2009 aurum
1546 1953 1612 2010 et
1638 1945 1873 2028 inutile,

681 2025 912 2093 Summi
937 2031 1248 2093 materiem
1276 2033 1441 2111 mali,

591 2111 908 2178 Mittamus
961 2110 1258 2179 scelerum
1286 2117 1338 2179 si
1365 2118 1521 2181 bene
1549 2114 1837 2202 poenitet.

677 2198 1002 2264 Eradenda
1030 2201 1324 2285 cupidinis

591 2281 775 2349 Pravi
803 2293 947 2350 sunt
974 2287 1293 2367 elementa,
1323 2294 1391 2353 et
1416 2276 1661 2352 te⁶nerae
1690 2284 1869 2352 nimis

679 2368 922 2435 Mentes
951 2372 1350 2456 asperioribus

519 2506 531 2517 .
587 2452 964 2521 Formandac
985 2458 1218 2523 studiis.
1309 2458 1529 2523 Nescit
1558 2478 1713 2542 equo
1740 2456 1909 2523 mdis

679 2539 956 2606 Haerere
985 2543 1282 2626 ingenuus
1311 2564 1466 2628 puer

588 2620 940 2709 Venarique
969 2629 1166 2707 timet,
1194 2628 1405 2693 ludere
1434 2627 1689 2709 doctior,

679 2708 802 2774 Seu
834 2711 1071 2777 Graeco
1089 2714 1310 2798 jubeas
1337 2715 1547 2778 trocho

591 2790 717 2858 Seu
743 2796 914 2861 malis
942 2799 1134 2863 vetita·
1159 2801 1394 2883 legibus
1424 2800 1579 2879 alea,

678 2880 834 2945 Cum
863 2884 1110 2969 perjura
1138 2886 1332 2970 patris
1359 2886 1514 2951 fides

593 2966 943 3032 Consortem
995 2971 1221 3033 socium
1247 2971 1425 3037 fallat
1475 2978 1540 3035 et
1565 2970 1861 3057 hospitem

673 3051 1050 3137 Indignoque
1081 3056 1401 3139 pecuniam

588 3135 827 3201 Heredi
871 3147 1177 3225 properet.
1284 3140 1534 3206 Scilicet
1563 3141 1867 3228 improbae

678 3222 976 3288 Crescunt
1004 3226 1285 3305 divitia03
1330 3234 1536 3291 tamen

589 3302 816 3373 curiae
844 3310 1046 3376 nescio
1076 3312 1222 3397 quid
1251 3334 1491 3399 semper
1518 3313 1690 3377 abest
1716 3309 1823 3376 rei‘.

1755 3378 1959 3572 cf}

1756 3541 1785 3645 υ
1928 3545 2017 3639 s

1754 3799 1880 3839 ,ἡκ

1884 3834 1908 3844 q

2046 3756 2075 3790 Ὗ

2264 1283 2368 1333 40.
