2742 4417
441 331 450 338 ·
477 320 603 386 140
1331 335 1703 386 SATIRARUM

479 489 580 554 Sic
611 490 852 553 mutilus
883 488 1174 553 miniteris
1196 485 1268 552 ?”
1312 490 1406 552 At
1432 491 1516 554 illi
1544 491 1722 554 foeda
1762 491 2011 556 cicatrix

481 575 752 638 Setosam
780 576 936 638 laevi
967 577 1224 638 frontem
1252 582 1604 659 turpaverat
1646 578 1784 640 oris.

393 721 401 728 .
482 661 848 745 Campanum
880 661 940 723 in
971 663 1260 737 morbum,
1292 662 1354 723 in
1386 663 1599 724 faciem
1630 665 1929 746 permulta
1947 665 2211 748 jocatum,

479 747 788 809 Pastorem
821 749 1068 810 saltaret
1097 748 1184 810 uti
1218 746 1486 830 Cyclopa
1538 750 1825 831 rogabat:

477 833 583 895 Nil
613 834 693 895 illi
726 834 892 895 larva,
922 842 1026 895 aut
1058 833 1300 914 tragicis
1330 854 1481 915 opus
1510 855 1640 896 esse
1672 833 1998 897 cothurnis,

478 918 678 984 Multa
710 918 1014 982 Cicirrhus
1045 920 1122 982 ad
1153 920 1301 980 haec
1328 941 1343 980 :
1394 919 1674 982 donasset
1692 921 1899 1004 jamne
1931 928 2206 986 catenam

481 1005 576 1066 Ex
608 1011 744 1066 voto
778 1005 1054 1082 Laribus,
1085 1005 1455 1086 quaerebat3
1501 1006 1696 1068 scriba
1726 1005 1887 1088 quod
1916 1013 2099 1085 esset,

476 1087 685 1151 Nihilo
717 1091 985 1153 deterius
1005 1089 1274 1152 dominae
1296 1091 1399 1173 jus
1432 1089 1577 1154 esse,
1622 1091 1899 1173 Rogabat

478 1174 757 1258 Denique
811 1196 921 1236 cur
950 1197 1212 1257 unquam
1243 1176 1519 1258 fugisset,
1550 1176 1647 1239 cui
1677 1177 1821 1240 satis
1852 1197 1971 1240 una

480 1259 684 1322 Farris
715 1261 866 1322 libra
895 1261 1052 1323 foret
1104 1261 1312 1342 gracili
1341 1262 1427 1324 sic
1460 1269 1701 1345 tamque
1733 1255 1967 1345 pusillo,

393 1357 406 1370 ⁰
479 1346 735 1408 Prorsus
753 1345 1022 1429 jucunde
1055 1367 1300 1408 coenam
1341 1347 1729 1430 produximus
1758 1349 1939 1410 illam.

480 1430 804 1495 Tendimus
833 1432 970 1494 hinc
1001 1438 1170 1495 recta
1200 1431 1641 1512 Beneventum,
1670 1433 1773 1495 ubi
1802 1435 2047 1497 sedulus
2080 1433 2296 1518 hospes

479 1517 944 1602 Paenemacros
975 1518 1121 1580 arsit
1151 1517 1294 1580 dum
1327 1519 1535 1582 turdos
1566 1526 1767 1582 versat
1795 1520 1859 1582 in
1887 1520 2048 1601 igni:

478 1603 640 1666 Nam
671 1625 826 1686 vaga
854 1625 965 1686 per
995 1611 1260 1675 veterem
1292 1604 1517 1687 dilapso
1547 1605 1785 1668 flamma
1814 1606 2071 1668 culinam

479 1689 757 1752 Vulcano
785 1712 1076 1752 summum
1108 1691 1467 1774 properabat
1494 1691 1756 1754 lambere
1793 1699 2040 1753 tectum.

483 1774 777 1844 Qonv-ivas
807 1775 1009 1837 avidos
1041 1796 1286 1838 coenam
1317 1797 1639 1859 servosque
1666 1777 1949 1840 timentes
2186 1827 2193 1832 .

481 1861 636 1923 Tum
665 1868 1096 1944 rapere2atquer
1121 1881 1324 1923 omnes
1353 1862 1727 1944 restinguere
1770 1863 1921 1926 velle
1953 1860 2209 1926 videres·

480 1945 703 2028 Incipit
731 1967 806 2008 ex
844 1943 943 2009 illo
974 1955 1202 2008 montes
1231 1947 1460 2029 Apulia
1491 1956 1660 2010 notos
2094 2005 2103 2012 .

485 2029 807 2124 Ostentare
838 2032 1000 2110 mihi,
1033 2053 1182 2114 qnos
1209 2039 1399 2096 torret
1430 2033 1729 2096 Atabulus
1760 2038 1822 2094 et
1851 2053 2001 2116 quos

482 2115 810 2200 Nunquam
842 2139 1183 2200 erepsemus
1236 2118 1349 2181 nisi
1380 2141 1487 2182 nos
1519 2119 1712 2182 vicina
1743 2117 1965 2182 Trivici

481 2201 647 2268 Villa
675 2204 1024 2286 recepisset,
1049 2205 1359 2268 lacrimoso
1390 2227 1508 2268 non
1536 2205 1663 2267 sine
1694 2205 1878 2283 fum0‚

481 2287 652 2352 Udos
684 2310 819 2350 cum
849 2289 1001 2351 foliis
1031 2311 1225 2352 ramos
1255 2298 1469 2352 urente
1502 2290 1751 2353 camino,

482 2374 604 2437 Hic
636 2396 748 2457 ego
779 2375 1127 2438 mendacem
1159 2377 1539 2440 stultissimus
1568 2397 1758 2458 usque
1784 2375 2042 2458 puellam

482 2461 586 2523 Ad
618 2460 872 2523 mediam
904 2469 1139 2524 noctem
1169 2469 1449 2545 exspecto
1477 2483 1491 2537 3
1539 2482 1776 2524 somnus
1806 2468 2009 2524 tamen
2038 2461 2237 2526 aufert

482 2547 791 2630 {utentum
827 2547 1064 2623 veneri;
1111 2555 1237 2610 tum
1269 2547 1571 2610 immundo
1600 2547 1825 2610 somnia
1856 2547 1987 2609 visu

480 2633 545 2696 N
548 2641 855 2696 octurnam
884 2643 1112 2696 vestem
1141 2635 1443 2696 maculant
1474 2642 1859 2716 ventremque
1905 2633 2185 2716 supinum

483 2717 783 2790 Quattuor
796 2720 941 2782 hinc
968 2720 1234 2802 rapimur
1254 2719 1467 2800 viginti
1489 2727 1549 2782 et
1581 2719 1741 2781 milia
1770 2717 1995 2797 rhedis,

481 2803 754 2867 Mansuri
789 2799 1066 2886 oppidulo
1121 2805 1278 2886 quod
1313 2827 1487 2866 versu
1520 2805 1719 2867 dicore
1751 2826 1869 2865 non
1900 2812 2013 2884 est,

485 2888 686 2970 Signis
718 2891 1000 2973 perfacile
1036 2897 1161 2952 est:
1213 2891 1377 2952 venit
1410 2891 1687 2952 vilissima
1718 2912 1918 2952 rerum

481 2975 602 3037 Hic
637 2996 787 3057 aqua
807 2994 825 3052 3
846 2975 951 3037 sed
985 2977 1150 3057 panis
1179 2977 1354 3056 longe
1388 2976 1842 3058 pulcherrimus,
1875 2976 2034 3038 ultra

484 3061 748 3124 Callidus
767 3068 835 3122 ut
864 3062 1050 3123 soleat
1079 3061 1339 3124 humeris
1370 3069 1607 3144 portare
1634 3063 1822 3122 viator
1848 3081 1864 3136 ;

481 3147 642 3208 Nam
677 3144 897 3208 Canusi
927 3147 1250 3228 lapidosus,
1283 3168 1475 3229 aquae
1503 3169 1622 3209 non
1652 3147 1831 3208 ditior
1864 3167 2021 3208 urna

483 3233 599 3305 Qui
630 3233 793 3294 locus
824 3253 860 3294 a
888 3233 1025 3294 forti
1056 3233 1345 3295 Diomede
1378 3241 1473 3296 est
1503 3232 1774 3295 conditus
1805 3232 1964 3295 olim.

482 3318 790 3386 Flentibus
820 3317 960 3380 hinc
993 3318 1220 3380 Varius
1252 3318 1510 3381 discedit
1540 3327 1805 3381 maestus
1837 3319 2061 3380 amicis·

482 3404 633 3465 Inde
667 3404 869 3466 Rubos
901 3404 1040 3466 fessi
1072 3404 1449 3485 pervenimus
1500 3411 1707 3485 utpote
1738 3405 1982 3483 longum

483 3489 814 3570 Carpentes
845 3490 960 3551 iter
991 3499 1052 3551 et
1081 3490 1306 3552 factum
1339 3490 1674 3572 corruptius
1704 3489 1897 3550 imbri.

401 3599 410 3604 ·
482 3575 734 3650 Postera
767 3582 1086 3658 tempestas
1118 3575 1343 3652 melior,
1378 3576 1474 3637 via
1504 3576 1669 3658 pejor
1700 3575 1776 3637 ad
1807 3593 1995 3655 usque

482 3661 628 3724 Bari
659 3661 891 3725 moenia
922 3661 1133 3742 piscosi
1162 3681 1178 3736 ;
1227 3661 1366 3723 dein
1400 3659 1623 3724 Gnatia
1651 3660 1909 3743 lymphis

483 3745 660 3810 Iratis
693 3754 997 3809 exstructa
1029 3747 1196 3808 dedit
1223 3747 1493 3829 risusque
1516 3749 1827 3830 jocosque,
2059 3809 2067 3816 ,

483 3831 643 3897 Dum
695 3834 932 3895 flamma
961 3833 1086 3895 sine
1122 3833 1300 3896 thura
1327 3833 1660 3916 liquescere
1705 3830 1907 3893 limine
1938 3849 2131 3909 sacr0,

2504 925 2587 980 65

2496 1371 2573 1419 70

2494 1799 2573 1848 ‘75
