2742 4417
452 376 581 439 228
1268 394 1392 443 Ans
1435 382 1724 443 rosum.

446 552 651 635 Digna
678 551 810 635 geri
836 570 1072 635 premes
1098 547 1163 613 in
1190 570 1454 627 scenam,
1484 552 1791 633 multaque
1819 553 1994 617 tolles

447 638 543 701 Ex
573 640 757 702 oculis
810 658 965 721 quae
995 658 1131 701 mox
1160 644 1367 701 narret
1395 637 1675 703 facundia
1703 658 2002 719 praesens.

446 724 547 787 Ne
577 744 791 807 pueros
818 744 1019 786 eoram
1050 722 1267 805 populo
1297 721 1521 785 Medea
1549 722 1834 800 trucidet,

446 812 579 873 Aut
607 811 867 871 humana
892 809 1091 891 palam
1116 814 1341 890 coquat
1368 815 1512 871 exta
1537 808 1804 873 nefarius
1836 808 2089 888 Atreus,

445 897 576 958 Aut
604 894 665 956 in
695 916 867 957 avem
898 894 1136 958 Procne
1167 900 1460 972 vertatur,
1493 892 1755 959 Cadmus
1784 894 1848 959 in
1875 915 2152 977 anguem.
2245 918 2253 927 ¹

444 980 862 1063 Quodcunque
905 978 1167 1042 ostendis
1194 979 1339 1041 mihi
1366 979 1452 1043 sic
1505 979 1848 1043 incredulus
1875 980 1996 1045 odi.

330 1057 338 1062 ’
442 1065 507 1127 N
512 1086 620 1127 eve
653 1066 844 1127 minor
870 1086 990 1128 neu
1020 1064 1099 1126 sit
1124 1065 1335 1147 quinto
1362 1063 1710 1147 productior
1737 1073 1881 1129 actu

442 1150 695 1229 Fabula,
726 1170 880 1232 quae
913 1150 1074 1233 posci
1102 1150 1233 1211 vult
1260 1158 1325 1212 et
1350 1156 1628 1232 spectata
1655 1150 1903 1233 reponi3

443 1236 577 1298 Nec
611 1235 759 1298 deus
788 1234 1023 1297 intersit
1072 1234 1187 1297 nisi
1214 1234 1432 1317 dignus
1462 1234 1697 1301 vindice
1727 1235 1918 1302 nodus

441 1321 775 1397 Inciderit3
817 1340 931 1383 nec
960 1327 1177 1403 quarta
1204 1321 1365 1403 loqui
1395 1341 1650 1403 persona
1676 1321 1926 1387 laboret.

441 1400 685 1469 Actoris
714 1413 916 1489 partes
940 1406 1159 1469 chorus
1188 1406 1561 1504 officiumque
1593 1406 1762 1471 virile
1875 1467 1900 1491 ,

440 1492 769 1571 Defendat,
797 1512 917 1554 neu
946 1490 1091 1589 quid
1118 1490 1341 1555 medios
1368 1491 1694 1556 intercinat
1719 1498 1892 1559 actus

442 1576 616 1647 Quod
646 1599 765 1639 non
794 1578 1091 1659 proposito
1118 1576 1418 1639 conducat
1444 1583 1510 1641 et
1545 1577 1795 1642 haereat
1825 1583 1988 1661 apte.

440 1662 554 1725 Ille
583 1663 751 1725 bonis
780 1664 1099 1745 faveatque
1128 1671 1193 1725 et
1220 1662 1566 1727 consilietur
1595 1663 1810 1740 amice,

440 1748 524 1810 Et
553 1756 727 1830 regat
754 1748 935 1811 iratos
964 1754 1030 1810 et
1052 1754 1221 1811 amet
1248 1767 1508 1831 peccare
1539 1746 1824 1809 timentes
1848 1762 1868 1822 ;

439 1833 551 1895 Ille
584 1833 769 1916 dapes
798 1833 1005 1896 laudet
1032 1853 1273 1896 mensae
1302 1834 1524 1910 brevis,
1551 1834 1654 1896 ille
1683 1834 1984 1899 salubrem

437 1918 483 1980 J
486 1919 747 1981 ustitiam
777 1920 1062 2001 legesque
1094 1927 1159 1981 et
1182 1919 1408 2002 apertis
1433 1919 1558 1983 otia
1585 1919 1769 2002 portis
1791 1938 1809 1995 ;

439 2003 553 2065 Ille
584 2012 755 2087 tegat
783 2005 1094 2068 commissa
1145 2004 1410 2087 deosque
1438 2013 1722 2088 precetur
1749 2011 1814 2067 et
1841 2010 1996 2085 oret,

439 2088 531 2152 Ut
558 2089 770 2153 redeat
798 2090 1047 2169 miseris,
1082 2090 1259 2153 abeat
1286 2090 1530 2155 fortuna
1553 2090 1846 2173 superbis.

439 2174 610 2237 Tibia
639 2198 758 2239 non
811 2182 881 2239 ut
906 2196 1066 2238 nunc
1119 2175 1418 2239 orichalco
1449 2176 1652 2239 vincta
1679 2176 1980 2259 tubaeque

437 2260 719 2340 Aemula,
748 2261 854 2324 sed
887 2262 1081 2323 tenuis
1110 2262 1479 2345 simplexque
1509 2262 1798 2327 foramine
1822 2281 2014 2345 pauco

435 2345 767 2429 Adspirare
799 2354 861 2409 et
890 2346 1099 2410 adesse
1130 2347 1323 2411 choris
1354 2355 1489 2413 erat
1515 2348 1676 2411 utilis
1728 2354 1912 2430 atque

435 2431 723 2495 Nondum
750 2432 940 2515 spissa
969 2432 1141 2495 nimis
1170 2434 1470 2515 complere
1501 2432 1713 2497 sedilia
1739 2433 1930 2510 flatu,
1911 2450 1928 2468 ·

438 2516 569 2591 Quo
598 2539 741 2581 sane
774 2520 1024 2601 populus
1054 2518 1459 2598 numerabilia,
1488 2526 1696 2601 utpote
1725 2538 1972 2601 parvus,

436 2603 519 2665 Et
547 2604 706 2686 frugi
729 2611 1047 2703 castusque
1080 2604 1574 2702 verecundusque
1604 2602 1823 2671 coibat.

434 2688 763 2771 Postquam
792 2691 988 2773 coepit
1018 2711 1193 2772 agros
1220 2684 1551 2753 extendere
1583 2690 1794 2769 victor,
1823 2695 1888 2754 et
1915 2688 2096 2755 urbes

302 2762 311 2771 ’
434 2774 639 2837 Latior
668 2774 945 2857 amplecti
972 2797 1180 2839 murus
1227 2777 1484 2857 vinoque
1513 2774 1728 2839 diurno

433 2860 673 2923 Placari
708 2860 941 2925 Genius
968 2860 1186 2925 festis
1170 2882 1416 2944 nnpune
1445 2859 1686 2939 diebus,

432 2946 717 3008 Accessit
742 2946 1123 3028 numerisque
1152 2946 1462 3029 modisque
1491 2946 1736 3014 licentia
1763 2944 1985 3028 major-3

431 3029 721 3094 Indoctus
752 3031 895 3113 quid
924 3032 1083 3097 enim
1110 3040 1352 3114 saperet
1379 3032 1646 3114 liberque
1673 3031 1944 3095 laborum

432 3116 719 3179 Rusticus
748 3117 978 3179 urbano
1008 3116 1312 3193 confusus,
1338 3118 1536 3199 turpis
1564 3117 1814 3179 honesto
1840 3114 1866 3177 ?

437 3201 538 3263 Sic
569 3202 799 3284 priscae
830 3202 1173 3283 m'otumque
1204 3210 1269 3265 et
1293 3203 1590 3265 luxuriem
1619 3201 1852 3265 addidit
1881 3199 1999 3265 arti

434 3287 681 3349 Tibicen
736 3287 1037 3369 traxitque
1068 3308 1259 3369 vagus
1286 3308 1398 3369 per
1427 3288 1656 3370 pulpita
1685 3294 1958 3363 vestem;

437 3372 539 3435 Sic
570 3372 752 3434 etiam
778 3371 995 3435 fidibus
1022 3392 1200 3437 voces
1228 3393 1476 3437 crevere
1507 3372 1752 3450 severim
1805 3417 1812 3427 -

434 3456 519 3519 Et
552 3456 683 3519 tulit
712 3458 1011 3540 eloquium
1040 3458 1339 3521 insontum
1366 3457 1653 3521 facundia
1681 3475 1996 3539 praecepa,

433 3541 806 3625 Utiliumque
836 3564 1023 3625 sagax
1044 3564 1250 3607 rernm
1284 3551 1351 3606 et
1377 3543 1580 3607 divina·
1607 3542 1796 3605 futuri

438 3626 748 3710 Sortilegis
776 3650 895 3691 non
926 3628 1255 3711 discrepuit
1282 3628 1582 3693 sententia
1611 3626 1884 3709 Delphis.

430 3712 713 3775 Carmine
745 3714 847 3796 qui
878 3714 1107 3796 tragico
1138 3714 1315 3777 vilem
1342 3713 1601 3790 certavit
1627 3714 1702 3775 ob
1731 3712 1988 3790 hircum,

433 3797 580 3861 Mox
610 3799 790 3861 etiam
822 3806 1093 3881 agrestes
1116 3797 1376 3881 Satyros
1404 3799 1751 3873 nudavit‚et
1779 3818 1957 3879 asper

433 3881 727 3949 Incolumi
755 3885 1051 3966 gravitate
1071 3883 1277 3966 jocum
1304 3884 1580 3962 tentavit,
1609 3899 1686 3947 eo
1721 3881 1887 3965 quod

2427 748 2526 800 185

2423 1174 2532 1225 190

2423 1602 2525 1651 195

2417 2879 2522 2935 210

2407 3302 2520 3386 ,⁴²¹⁵
