2742 4417
405 334 488 397 36

1271 351 1620 398 CARMINUM

1172 500 1267 619 K)
1327 526 1531 587 (Vnst
1577 527 1597 549 “
1692 547 1711 583 ·.

1135 636 1614 743 omnm
1672 675 1756 741 v.

748 847 815 911 N
817 864 1044 921 ONDUM
1075 846 1326 911 subacta·
1353 846 1516 911 ferre
1537 848 1757 932 jugum
1778 849 1947 915 valet
1981 883 1986 888 ·

749 934 1023 1012 Cervice‚
1053 933 1317 997 nondum
1347 935 1553 998 munia
1576 935 1872 1017 comparis
1960 1016 1965 1019 Ι

835 1020 1126 1102 Aequare
1179 1039 1294 1081 nec
1325 1020 1485 1081 tauri
1514 1020 1747 1083 ruentis

919 1104 996 1167 In
1026 1126 1311 1168 venerem
1342 1106 1617 1168 tolerare
1633 1104 1888 1189 pondus.

748 1188 928 1253 Circa
956 1189 1218 1253 virentes
1248 1196 1342 1253 est
1373 1192 1606 1254 animus
1636 1198 1777 1253 tuae

620 1286 632 1295 “
753 1275 1057 1358 Campos‘
1028 1296 1351 1359 juvencae,
1382 1298 1543 1339 nunc
1571 1277 1781 1339 fluviis
1796 1296 2073 1359 gravem·

838 1360 1096 1426 Solantis
1127 1370 1384 1440 aestum,
1406 1383 1567 1425 nunc
1588 1362 1660 1425 -in
1688 1362 1809 1425 udo

921 1447 1162 1510 Ludere
1195 1468 1332 1510 cum
1362 1448 1563 1518 vitulis
1592 1448 1802 1511 salicto

750 1533 1246 1617 Praegestientis.
1337 1532 1504 1596 Tolle
1536 1533 1878 1615 cupidinem

746 1618 1002 1683 Immitis
1031 1639 1227 1681 uvae:
1265 1620 1397 1704 jam
1427 1618 1534 1681 tibi
1562 1619 1773 1681 lividos

835 1704 1186 1787 Distinguet
1213 1704 1601 1769 Auctumnus
1630 1724 1899 1799 racemos

918 1790 1236 1874 Purpureo
1265 1790 1468 1852 varius
1499 1791 1719 1852 colore.

749 1876 796 1941 J
799 1897 895 1939 am
927 1883 988 1939 te
1021 1882 1350 1957 sequetur:
1400 1875 1589 1938 currit
1618 1876 1776 1939 enim
1802 1875 1975 1941 ferox

748 1963 945 2026 Aetas
1000 1968 1062 2023 et
1091 1961 1176 2023 illi
1229 1982 1379 2043 quos
1408 1960 1515 2023 tibi
1545 1960 1877 2044 dempserit

833 2048 1124 2131 Apponet
1150 2068 1335 2109 annos
1361 2066 1379 2122 ;
1414 2048 1545 2129 jam
1573 2056 1856 2129 proterva

917 2131 1144 2202 Fronte
1178 2138 1346 2215 petet
1367 2132 1597 2213 Lalage
1628 2132 1953 2195 maritum:

747 2217 1000 2281 Dilecta·
1045 2220 1335 2300 quantum
1366 2239 1485 2281 non
1515 2218 1740 2280 Pholoe
1771 2218 1984 2299 fugax,

659 2304 664 2311 ’
729 2302 892 2367 -Non
927 2302 1160 2366 Chloris
1193 2304 1327 2366 albo
1357 2304 1444 2367 sic
1474 2304 1723 2366 humero
1751 2304 1976 2383 nitens,

787 2452 792 2456 .
831 2388 926 2453 Ut
953 2410 1107 2474 pura
1133 2398 1425 2452 nocturno
1455 2388 1707 2451 renidet-

838 2522 842 2526 -
919 2475 1095 2538 Luna
1122 2476 1295 2555 mari,
1329 2474 1653 2538 Cnidiusve
1687 2470 1922 2557 Gyges,
2018 2554 2023 2559 ⁸

749 2560 944 2635 Quem
973 2562 1023 2624 si
1053 2562 1389 2645 puellarum
1419 2561 1719 2623 insereres
1749 2560 1932 2624 choro

747 2648 908 2711 Mire
939 2668 1190 2729 sagaces
1221 2648 1463 2709 falleret
1492 2646 1757 2729 hospites

831 2732 1172 2797 Discrimen
1203 2732 1521 2795 obscurum
1552 2731 1761 2794 solutis

921 2818 1198 2882 Crinibus
1227 2818 1622 2901 ambiguoque
1652 2816 1846 2881 vultu.

515 3136 691 3231 “a
783 3082 820 3219 ί

1087 3226 1561 3295 GARMEN
1618 3226 1779 3295 VI.

747 3574 1044 3656 sEmm,
1076 3572 1280 3641 Gades
1281 3522 1641 3637 aditurew
1576 3592 1813 3635 mecum
1844 3572 1909 3633 et

645 3701 652 3708 ·
747 3663 1118 3735 Cantabrum
1147 3658 1501 3723 indoctum
1472 3679 1627 3744 Juga
1656 3658 1815 3722 ferre
1847 3658 2055 3717 nostra
2107 3656 2173 3717 ct

742 3747 1045 3812 Barbarus
1079 3744 1201 3829 Syr
1202 3753 1292 3807 tes
1344 3745 1449 3807 ubi
1483 3742 1703 3807 Maura
1730 3760 1969 3824 semper

1082 3830 1349 3893 Aestuat
1376 3830 1564 3911 unda,

2438 1638 2500 1687 10

2436 2064 2499 2114 15

2449 4308 2473 4388 m?
