2742 4417
1069 347 1264 395 cm.
1307 346 1447 396 xv1.
2170 325 2301 395 11⁹

481 492 618 559 Nec
647 500 711 559 te
740 494 1127 580 Pythagorae
1155 497 1369 560 fallant
1398 514 1621 559 arcana
1648 492 1866 574 renati,
1984 532 1987 537 -

563 580 618 644 F
618 602 903 665 ormaque
932 583 1137 645 vincas
1168 582 1383 660 Nirea,

482 664 662 731 Eheu
719 665 1045 730 translatos
1095 668 1212 731 alio
1240 666 1533 733 maerebis
1564 684 1831 730 amores:

563 752 691 817 Ast
719 773 832 837 ego
861 753 1117 818 vicissim
1143 754 1352 817 risero.

883 1140 1353 1248 cARMsN
1410 1179 1633 1245 ΧΠ.

305 1523 574 1589 ALTERA
594 1521 725 1606 jam
753 1522 972 1587 teritur
998 1522 1170 1588 bellis
1201 1521 1473 1587 civilibus
1502 1526 1693 1601 aetas,

395 1608 534 1673 Suis
563 1616 628 1672 et
655 1610 786 1694 ipsa
815 1610 1010 1673 Roma
1037 1608 1262 1672 viribus
1291 1608 1417 1671 ruit
1445 1628 1465 1671 ε

311 1689 505 1770 Quam
530 1715 728 1777 neque
759 1695 992 1759 finitimi
1019 1695 1338 1758 valuerunt
1365 1691 1621 1776 perdere
1651 1689 1845 1755 Marsi

389 1779 652 1843 Minacis
680 1788 787 1844 aut
818 1780 1080 1844 Etrusca
1107 1779 1412 1843 Porsenae
1444 1797 1691 1857 manue,
2198 1830 2223 1851 .

304 1865 569 1931 Aemula
595 1886 710 1929 nec
740 1866 944 1929 virtus·
961 1863 1206 1949 Capuae
1260 1885 1375 1927 nec
1411 1862 1739 1947 Spartacus
1768 1881 1911 1927 acer
2264 1878 2298 1926 5

391 1949 458 2014 N
459 1951 704 2034 ovisque
735 1952 916 2015 rebus
946 1950 1202 2014 infidelis
1230 1950 1542 2029 Allobrox,
1820 1968 1825 1973 ·

301 2036 444 2101 Nec
473 2036 606 2099 fera
634 2038 916 2100 caerulea
941 2036 1170 2100 domuit
1200 2035 1527 2099 Germania.
1555 2033 1711 2117 pube

391 2122 872 2206 Parentibusque
903 2122 1273 2186 abominatus
1303 2120 1633 2199 Hannibal,

300 2207 505 2291 Impia
531 2208 852 2291 perdemus
881 2208 1082 2271 devoti
1109 2207 1417 2290 sanguinis
1446 2213 1637 2285 aetas,

391 2293 684 2376 Ferisque
714 2314 920 2356 rursus
949 2293 1340 2376 occupabitur
1365 2294 1577 2355 solum.
2233 2307 2299 2360 ιο

297 2378 614 2443 Barbarus
664 2379 784 2445 heu
842 2380 1080 2443 cineres
1129 2378 1368 2443 insistet
1398 2378 1587 2445 victor
1630 2381 1695 2439 et
1724 2372 1956 2441 Urbem

315 2464 326 2473 '
391 2464 598 2547 Eques
627 2470 875 2527 sonante
908 2464 1250 2528 verberabit
1275 2464 1527 2545 ungula,

297 2548 598 2631 Quaeque
629 2557 840 2613 carent
869 2549 1064 2613 ventis
1094 2556 1157 2611 et
1186 2549 1407 2612 solibus
1437 2568 1574 2611 ossa
1602 2544 1859 2626 Quirini,

391 2634 588 2697 Nefas
618 2633 861 2704 videre!
910 2634 1219 2718 dissipabit
1245 2635 1524 2697 insolens·

295 2720 490 2785 Forte
521 2719 667 2802 quid
698 2719 980 2803 expediat
1008 2720 1401 2783 communiter
1452 2725 1559 2781 aut
1585 2718 1794 2783 melior
1814 2734 1956 2802 pars
2236 2735 2300 2787 15

390 2804 574 2867 Malis
603 2825 811 2869 carere
842 2806 1127 2887 quaeritis
1155 2805 1495 2869 laboribus:

298 2890 498 2955 Nulla
525 2890 605 2952 sit
632 2890 746 2953 hac
777 2891 968 2973 potior
997 2891 1318 2967 sententia,
1386 2890 1799 2954 Phocaeorum

392 2974 587 3039 Velut
613 2976 880 3060 profugit
908 2983 1222 3039 exsecrata
1250 2976 1462 3039 civitas

299 3060 512 3148 A3gros
541 3068 724 3143 atque
775 3059 970 3125 Lares
1011 3061 1240 3146 patrios
1290 3058 1735 3145 habitandaque
1757 3058 1907 3130 ,fana

392 3146 582 3229 Apris
610 3146 854 3228 reliquit
883 3153 946 3208 et
973 3146 1290 3229 rapacibus
1318 3146 1499 3229 lupiS,
2234 3162 2300 3213 20

299 3232 414 3298 Ire
441 3230 632 3315 pedes
658 3252 1014 3314 quocunque
1043 3232 1265 3311 ferent,
1297 3250 1655 3315 quocunque
1684 3251 1797 3314 per
1822 3228 2017 3293 undas

393 3316 596 3379 Notus
625 3317 861 3379 vocabit
888 3323 995 3379 aut
1024 3324 1338 3400 protervus
1366 3316 1639 3380 Africus.

304 3400 414 3467 Sic
443 3401 644 3484 placet
668 3400 695 3463 ’ἓ
725 3422 805 3464 an
831 3402 1042 3465 melius
1073 3402 1206 3484 quis
1236 3402 1420 3465 habet
1446 3398 1755 3465 suadere?
1788 3434 1879 3449 —
1904 3394 2193 3464 Secunda

394 3487 618 3549 Ratem
648 3506 942 3570 occupare
973 3487 1118 3570 quid
1146 3508 1449 3550 moramur
1476 3487 1616 3550 alite
1642 3484 1669 3548 ’ἓ

304 3571 437 3639 Sed
457 3572 732 3655 juremus
761 3572 824 3635 in
851 3572 1038 3637 haec:
1091 3571 1281 3636 Simul
1307 3574 1441 3637 imis
1471 3593 1617 3636 saxa
1634 3569 1913 3636 renarint
2236 3590 2302 3642 25

394 3656 592 3722 Vadis
619 3657 841 3736 levata,
872 3679 949 3720 ne
981 3658 1178 3723 redire
1209 3659 1288 3723 sit
1307 3659 1479 3723 nefas
1506 3678 1525 3734 ;

299 3743 454 3811 'Neu
486 3764 776 3806 conversa
803 3743 1041 3807 domum
1072 3744 1278 3827 pigeat
1304 3744 1451 3807 dare
1480 3745 1687 3826 lintea,
1718 3740 1960 3828 quando

391 3828 601 3895 Padus
629 3827 866 3893 Matina
895 3829 1113 3895 laverit
1143 3830 1475 3913 cacumina,
