2742 4417
415 320 548 386 120

1202 335 1457 384 m’onon
1498 335 1713 382 LIBER..

582 492 660 557 In
689 513 855 557 mare
888 514 999 559 seu
1023 495 1222 560 celsus
1237 494 1599 580 procurrerit
1619 496 2001 579 ApenninuS,

665 578 730 641 N
732 600 964 663 ovaque
991 587 1259 646 monstra
1276 581 1549 666 junxerit
1574 580 1819 646 libidine

578 661 775 727 Mirus
797 685 985 746 amor,
1005 667 1184 751 juvet
1209 673 1281 729 ut
1308 668 1495 749 tigres
1520 667 1837 731 subsidere
1866 667 2082 749 cervis,

663 749 1066 815 Adulteretur
1094 759 1159 815 et
1187 753 1459 815 columba
1484 753 1689 832 miluo,

583 832 848 900 Credula
874 858 988 901 nec
1018 859 1191 901 ravos
1221 838 1473 900 timeant
1502 845 1775 900 armenta
1801 839 2027 921 leoneS,

660 920 966 1006 Ametque
1003 923 1164 987 salsa
1204 923 1357 985 levis
1396 923 1599 987 hircus
1632 941 1914 1007 aequora.

575 1004 752 1068 Haec
807 1016 871 1071 et
899 1028 1054 1092 quae
1085 1014 1370 1092 poterunt
1397 1007 1626 1071 reditus
1656 1008 2005 1073 abscindere
2036 1010 2245 1075 dulces

660 1090 885 1155 Eamus
914 1094 1102 1155 omnis
1131 1098 1446 1156 exsecrata
1480 1094 1713 1173 civitas,
1760 1128 1769 1137 ·

575 1174 712 1239 Aut
737 1198 878 1261 pars
905 1178 1156 1241 indocili
1174 1178 1384 1241 melior
1412 1199 1599 1259 grege
1624 1198 1642 1255 3
1686 1179 1878 1243 mollis
1909 1186 1971 1243 et
2001 1200 2214 1265 exspes

662 1260 998 1325 Inominata
1027 1263 1354 1347 perprimat
1384 1264 1621 1339 cubilia,

575 1344 707 1411 Vos
759 1348 974 1431 quibus
1005 1356 1099 1411 est
1127 1348 1318 1411 virtus
1368 1342 1719 1411 muliebrem
1748 1349 1936 1413 tollite
1971 1350 2203 1414 luctum

662 1430 922 1495 Etrusca
948 1441 1192 1517 praeter
1221 1440 1284 1495 et
1312 1434 1508 1496 volate
1538 1434 1734 1497 litora.

576 1514 708 1579 Nos
737 1525 943 1581 manet
973 1518 1254 1584 Oceanus
1283 1519 1741 1604 circumvagus:
1789 1538 1957 1600 arva,
1984 1514 2166 1585 beata

661 1603 950 1667 Petamus
980 1625 1128 1668 arva
1178 1604 1395 1667 divites
1426 1611 1488 1667 et
1515 1603 1761 1683 insulas,

573 1687 803 1753 Reddit
817 1690 933 1752 .ubi
964 1688 1248 1754 Cererem
1277 1690 1457 1753 tellus
1486 1689 1720 1752 inarata
1748 1690 2066 1773 quotannis

662 1773 747 1837 Et
773 1774 1069 1860 imputata
1091 1776 1267 1838 floret
1294 1782 1484 1858 usque
1514 1772 1711 1854 vinea,

575 1857 894 1923 Germinat
922 1867 985 1923 et
1011 1881 1317 1943 nunquam
1345 1860 1607 1923 fallentis
1636 1867 1857 1923 termes
1886 1860 2101 1942 olivae,

662 1942 966 2029 Suamque
996 1947 1160 2031 pulla
1187 1947 1338 2009 ficus
1370 1950 1547 2009 ornat
1574 1945 1869 2025 arborem,

571 2029 764 2095 Mella
791 2051 942 2093 cava
969 2037 1215 2095 manant
1243 2052 1318 2093 ex
1344 2032 1505 2109 ilice,
1533 2031 1832 2094 montibus
1860 2031 1997 2095 altis

659 2115 840 2179 Levis
870 2122 1155 2201 crepante
1184 2116 1431 2203 lympha
1460 2116 1658 2179 desilit
1685 2116 1861 2202 pede.

572 2198 708 2265 Illic
735 2201 995 2285 injussae
1025 2201 1274 2265 veniunt
1303 2201 1383 2264 ad
1410 2202 1668 2265 mulctra
1696 2202 1985 2285 capellae,

656 2286 991 2370 Refertque
1024 2292 1194 2350 tenta
1211 2302 1216 2306 ’
1223 2308 1371 2373 grex
1400 2286 1625 2351 amicus
1652 2286 1842 2351 ubera
1866 2306 1885 2363 3

571 2371 637 2436 N
639 2392 709 2435 ec
739 2372 1114 2455 vespertinus
1143 2372 1558 2455 circumgemit
1584 2392 1760 2435 ursus
1786 2372 1966 2451 ovile,

655 2456 877 2541 Neque
906 2458 1252 2522 intumescit
1278 2459 1437 2521 alma
1464 2456 1684 2542 viperis
1711 2458 1950 2520 humus.

571 2541 878 2626 Pluraque
907 2542 1116 2607 felices
1143 2544 1491 2607 mirabimur
1516 2565 1532 2606 ε
1576 2550 1646 2605 ut
1674 2542 1871 2627 neque
1900 2541 2087 2629 largis

655 2628 942 2712 Aquosus
972 2628 1173 2693 Eurus
1203 2649 1352 2692 arva
1379 2628 1557 2691 radat
1582 2628 1891 2703 imbribu8‚
1964 2668 1989 2693 ο

571 2712 687 2777 Pin
773 2714 830 2777 'a
856 2734 971 2777 nec
1002 2714 1176 2778 siccis
1205 2720 1459 2777 urantur
1487 2714 1716 2776 semina
1744 2712 1958 2795 glebis,

725 2807 1002 2883 trumque
1031 2803 1176 2883 rege
1207 2805 1581 2882 temperante
1608 2798 1909 2862 caelitum.

570 2882 636 2947 N
637 2904 713 2946 on
741 2884 860 2947 huc
889 2884 1098 2967 Argoo
1127 2885 1440 2947 contendit
1468 2884 1695 2967 remige
1725 2883 1924 2967 pinus,

657 2968 879 3053 Neque
909 2969 1212 3053 impudica
1241 2967 1482 3032 Colchis
1510 2969 1713 3032 intulit
1740 2968 1980 3053 pedem,
2036 3046 2043 3053 ὓ

569 3052 635 3117 N
636 3076 712 3117 on
740 3056 860 3117 huc
896 3053 1125 3118 Sidonii
1155 3061 1462 3117 torserunt
1488 3075 1715 3117 cornua
1744 3060 1965 3117 nautae

655 3138 980 3203 Laboriosa
1004 3160 1119 3203 nec
1149 3140 1358 3204 cohors
1388 3139 1614 3203 Ulixei.

577 3224 763 3288 Nulla
787 3230 1009 3288 nocent
1035 3225 1239 3308 pecori
1270 3225 1570 3307 contagia,
1598 3224 1821 3288 nullius
1852 3222 1999 3287 astri

658 3308 927 3393 Gregem
956 3317 1234 3373 aestuosa
1262 3318 1453 3373 torret
1479 3310 1850 3393 impotentia.

574 3395 814 3479 Jupiter
837 3397 943 3459 illa
971 3396 1105 3481 piae
1135 3393 1396 3459 secrevit
1424 3396 1601 3459 litora
1626 3394 1816 3478 genti,
1869 3403 1878 3409 “

656 3480 747 3544 Ut
775 3481 1110 3566 inquinavit
1137 3502 1278 3545 aere
1312 3488 1547 3565 tempus
1575 3499 1865 3557 aureum3

568 3566 760 3644 Aere,
791 3567 1006 3631 dehinc
1035 3567 1195 3631 ferro
1224 3566 1467 3631 duravit
1492 3566 1739 3633 secula:
1790 3582 2050 3650 quorum

658 3650 785 3716 Piis
815 3652 1082 3718 secunda
1109 3660 1248 3721 vate
1276 3674 1375 3717 me
1406 3652 1587 3717 datur
1613 3652 1782 3737 fuga.

2422 1034 2490 1084 35

2418 1458 2488 1509 40

2415 3158 2491 3208 60
