2742 4417
730 348 1102 401 SATIRARUM
1144 352 1275 400 LIB-
1320 352 1395 401 11.
1443 352 1578 403 ΕΔΤ.
1627 352 1672 401 1.

71 570 73 575 .
175 505 313 570 Cum
339 507 448 571 sibi
478 505 735 591 quisque
767 508 960 587 timet,
991 528 1357 593 quamquam
1391 517 1486 574 est
1514 511 1799 592 intactus,
1830 516 1894 576 et
1921 512 2049 578 odit
2069 513 2086 581 l
2107 494 2152 546 '⁵
2247 569 2254 574 .

173 597 209 629 “
237 594 385 668 Quid
414 595 633 657 faciam
660 593 688 657 Y
780 594 979 658 Saltat
1008 594 1315 675 MiloniuS,
1346 604 1420 659 ut
1439 600 1632 661 ‘semel
1662 598 1783 663 icto

173 679 435 745 Accessit
463 682 667 744 fervor
694 682 879 765 capiti
907 703 1316 766 numerusque
1348 684 1628 748 lucernis.

176 765 373 831 Castor
400 767 631 851 gaudet
660 769 855 851 equis,
885 790 997 832 ovo
1030 776 1359 852 prognatus
1392 770 1605 833 eodem

175 851 383 936 Pugnis
410 875 428 931 ;
473 861 625 937 quot
654 856 920 938 capitum
949 854 1183 933 vivunt,
1214 855 1465 919 totidem
1495 856 1828 921 studiorum

174 938 388 1003 Millia:
436 962 533 1004 me
567 940 823 1024 pedibus
853 940 1121 1004 delectat
1150 941 1436 1005 claudere
1467 944 1656 1006 verba

71 1044 73 1085 ἑ
175 1025 351 1089 Lucili
378 1028 499 1089 ritu
530 1027 801 1089 nostrfim
830 1028 1091 1091 melioris
1121 1034 1398 1111 utroque.

175 1111 274 1175 Ille
294 1098 465 1176 ‘velut
492 1113 629 1177 fidis
660 1134 884 1177 arcana
913 1113 1214 1177 sodalibus
1244 1115 1384 1177 olim
1504 1146 1514 1155 ·
1585 1127 1604 1148 ·

179 1197 463 1263 Credebat
491 1200 680 1279 libris,
712 1220 911 1283 neque
942 1200 994 1263 si
1023 1201 1177 1263 male
1209 1206 1478 1263 cesserat
1507 1220 1773 1285 unquam

176 1282 504 1349 Decurrens
534 1286 672 1364 alic,
704 1308 903 1370 neque
934 1287 985 1349 si
1015 1287 1168 1350 bene
1190 1306 1213 1363 -;
1260 1308 1380 1369 quo
1409 1289 1482 1350 fit
1509 1293 1580 1350 ut
1608 1288 1797 1351 omnis

175 1370 379 1435 Votiva
408 1379 618 1456 pateat
648 1373 835 1435 veluti
866 1371 1171 1457 descripta
1202 1373 1430 1437 tabella

173 1456 307 1520 Vita
332 1459 511 1521 senis.
606 1456 843 1543 Sequor
870 1459 1058 1537 hunc,
1089 1457 1375 1523 Lucanus
1407 1481 1485 1523 an
1517 1454 1758 1543 Apulus
1787 1480 2042 1547 ancepsz

170 1542 319 1606 Nam
347 1544 698 1608 Venusinus
728 1552 863 1608 arat
890 1546 1073 1607 finem
1103 1547 1213 1608 sub
1246 1553 1568 1630 utrumque
1600 1548 1867 1629 colonus,

71 1622 73 1637 '
170 1628 379 1693 Missus
410 1630 488 1693 ad
520 1632 630 1693 hoc
661 1632 871 1714 pulsis,
901 1639 1076 1694 vetus
1108 1639 1200 1695 est
1231 1639 1300 1695 ut
1329 1632 1512 1710 fama,
1549 1631 1827 1713 Sabellis,
1945 1646 1964 1663 ·

170 1714 292 1789 Quo
319 1738 397 1779 ne
429 1738 540 1801 per
569 1738 827 1780 vacuum
858 1718 1129 1781 Romano
1162 1717 1505 1781 incurreret
1531 1720 1742 1798 hostis,

71 1854 73 1885 ÷
171 1800 300 1865 Sive
330 1804 491 1888 quod
522 1803 731 1886 Apula
760 1824 909 1886 gens
940 1825 1049 1866 seu
1080 1804 1242 1888 quod
1275 1804 1548 1868 Lucania
1577 1805 1800 1869 bellum

167 1887 473 1953 Incuteret
502 1892 783 1953 violenta.
880 1888 1004 1953 Sed
1034 1892 1129 1954 hic
1162 1892 1335 1955 stilus
1366 1891 1530 1954 haud
1564 1898 1734 1975 petet
1761 1856 1940 1957 ultro·

168 1974 533 2059 Quemquam
564 1976 928 2039 animantem
962 1984 1025 2039 et
1053 1998 1149 2039 me
1182 1978 1368 2059 veluti
1400 1978 1702 2041 custodiet
1729 1980 1888 2044 ensis

71 2124 73 2139 ,
168 2060 402 2145 Vagina
430 2070 628 2125 tectus
655 2083 671 2136 ;
716 2084 898 2145 quem
930 2082 1039 2126 cur
1068 2064 1431 2147 distringere
1462 2084 1646 2128 coner

71 2164 73 2223 !
169 2146 345 2213 Tutus
376 2150 450 2211 ab
480 2148 715 2212 infestis
745 2150 1075 2213 latronibus
1101 2148 1129 2213 ἲ
1218 2148 1273 2213 Ο
1306 2158 1482 2233 pater
1512 2158 1575 2213 et
1603 2173 1714 2215 rex

170 2232 205 2296 J
209 2236 462 2318 uppiter‚
494 2242 565 2298 ut
594 2242 807 2319 pereat
836 2236 1093 2319 positum
1126 2238 1400 2319 rubigine
1433 2238 1643 2317 telum,

170 2318 289 2384 Nec
320 2322 638 2405 quisquam
668 2328 885 2385 noceat
914 2322 1131 2406 cupido
1161 2324 1305 2386 mihi
1335 2324 1532 2407 pacis!
1622 2323 1715 2388 At
1741 2324 1842 2389 ille

172 2404 275 2479 Qui
302 2429 397 2471 me
429 2409 863 2487 commorit,——-
881 2409 1094 2472 melius
1123 2430 1243 2472 non
1272 2410 1556 2493 tangere!
1606 2412 1839 2490 clam0'3

171 2490 353 2556 Flebit
383 2502 447 2557 et
475 2493 727 2577 insignis
759 2500 886 2557 tota
924 2496 1266 2558 cantabitur
1295 2497 1468 2559 urbe.

174 2577 407 2643 Cervius
436 2580 627 2643 iratus
658 2581 827 2663 leges
855 2582 1169 2645 minitatur
1198 2590 1261 2645 et
1294 2604 1530 2660 urnam,

174 2664 410 2729 Canidia
437 2666 655 2729 Albuti
686 2668 904 2750 quibus
935 2675 1029 2730 est
1056 2669 1299 2731 inimica
1328 2690 1650 2749 venenum,

176 2750 402 2815 Grande
432 2754 657 2817 malum
690 2754 932 2831 TuriuS,
963 2754 1012 2816 si
1044 2754 1189 2837 quid
1220 2776 1284 2817 se
1306 2754 1516 2839 judice
1548 2761 1766 2819 certes.
1859 2750 1866 2759 ’

173 2834 251 2901 Ut
276 2860 392 2923 quo
423 2839 679 2924 quisque
711 2841 875 2903 valet
904 2836 1215 2924 suspectos
1239 2848 1490 2929 terreat,
1521 2850 1710 2925 utque

173 2921 422 3008 Imperet
449 2927 563 2989 hoc
595 2933 813 2989 natura
842 2935 1078 3010 potem,
1109 2927 1195 2990 sic
1226 2926 1440 3010 collige
1472 2949 1708 2990 mecum
1735 2949 1752 2989 ε

173 3008 353 3075 Dente
385 3012 586 3096 lupus,
618 3033 806 3095 cornu
838 3020 1045 3076 taurus
1076 3014 1269 3096 petit:
1320 3014 1482 3076 unde
1512 3014 1627 3076 nisi
1655 3015 1818 3079 intus

173 3093 558 3161 Monstratum
584 3096 610 3159 ‘i'
706 3098 975 3163 Scaevae
1006 3099 1276 3163 vivacem
1309 3100 1490 3163 crede
1521 3100 1727 3185 nepoti

173 3179 457 3261 Matrem;
502 3185 586 3247 nil
618 3184 802 3248 faciet
831 3186 1077 3249 sceleris
1106 3186 1207 3270 pia
1237 3186 1520 3250 dextera:
1569 3187 1812 3266 mirum,

173 3266 248 3331 Ut
274 3291 468 3354 neque
496 3272 662 3334 calce
693 3272 870 3355 lupus
893 3292 1257 3356 quemquam
1288 3294 1486 3356 neque
1517 3273 1699 3337 dente
1730 3272 1886 3360 petit
1911 3272 2018 3338 bos
2033 3294 2052 3353 ;

176 3351 283 3417 Sed
309 3358 467 3421 mala
502 3358 679 3420 tollet·
697 3366 879 3421 atium
912 3358 1119 3422 vitiato
1148 3358 1325 3421 melle
1358 3359 1589 3443 cicuta.-

174 3438 259 3503 Ne
284 3443 524 3526 longum
556 3443 812 3507 faciam:
862 3465 971 3507 seu
1000 3466 1097 3507 me
1129 3446 1456 3529 tranquilla
1485 3452 1767 3511 senectus

174 3524 485 3611 Exspectat
514 3551 625 3593 seu
653 3528 823 3593 Mors
852 3530 999 3594 atris
1030 3532 1423 3595 circumvolat
1452 3532 1583 3612 alis,

174 3609 364 3694 Dives,
392 3616 587 3699 inops,
618 3616 869 3695 Romae,
902 3638 1011 3680 seu
1040 3618 1162 3680 fors
1196 3618 1283 3680 ita
1301 3618 1575 3701 jusserit,
1607 3618 1804 3698 exsul,

179 3695 435 3784 Quisquis
460 3703 577 3765 erit
605 3702 765 3766 vitae
797 3702 1055 3767 scribam
1087 3702 1315 3767 color.''
1407 3710 1448 3740 “
1475 3704 1528 3767 Ο
1561 3726 1735 3789 puer,
1765 3709 1836 3769 ut
1867 3704 1948 3770 sis

178 3781 373 3851 vitalis
402 3794 603 3852 metuo
634 3795 698 3852 et
727 3791 1021 3875 maJorum
1049 3810 1126 3853 ne
1160 3790 1295 3873 quis
1326 3790 1554 3853 amicus

176 3865 403 3957 Frigore
434 3882 495 3940 te
524 3873 773 3939 feriat.''
864 3878 907 3913 ‘⁴
926 3875 1109 3957 Quid,
1142 3898 1277 3939 cum
1311 3886 1406 3940 est
1434 3876 1702 3941 Lucilius
1733 3898 1915 3942 ausus

2121 339 2247 408 153

2180 710 2255 759 25.

2187 2001 2251 2049 40
