2742 4417
414 291 443 356 1
459 291 541 354 68
1267 304 1639 351 SATIRARUM

411 461 578 526 Vina
630 461 961 524 columbino
990 459 1200 523 limum
1220 458 1375 522 bene
1401 454 1629 539 colligit
1653 478 1785 537 ovo,

336 590 357 609 .
412 548 724 621 Quatenus
753 548 873 610 ima
900 546 1053 629 petit
1082 546 1323 609 volvens
1354 545 1550 608 aliena
1587 544 1856 606 vitellus,

412 632 608 697 Tostis
640 639 1007 695 marcentem
1036 630 1263 713 squillis
1285 631 1585 693 recreabis
1616 635 1680 692 et
1707 630 1869 693 Afra

414 717 694 781 Potorem
725 718 1004 781 cochlea:
1048 738 1187 778 nam
1216 718 1456 779 lactuca
1484 718 1717 780 innatat
1747 716 1873 778 acri

1944 506 1988 539 Ο

414 804 562 867 Post
592 804 793 867 vinum
824 803 1163 877 stomach03
1209 823 1399 885 perna
1427 802 1618 885 magis
1649 822 1721 864 ac
1749 800 1940 884 magis
1967 800 2125 867 hillis

414 889 683 971 Flagitat
711 890 1021 952 immorsus
1052 888 1246 965 refici;
1273 888 1420 970 quin
1449 888 1645 950 omnia
1673 888 1842 949 malit

416 974 831 1061 Quaecunque
868 974 1186 1037 immundis
1215 975 1455 1037 fervent
1485 975 1669 1036 allata
1697 972 1948 1057 popinis.

415 1060 529 1123 Est
558 1082 773 1144 operae
804 1060 1061 1144 pretium
1092 1058 1345 1141 duplicis
1372 1079 1728 1142 pernoscere
1749 1058 1906 1142 juris

416 1145 735 1208 Naturam.
830 1144 1095 1227 Simplex
1126 1165 1159 1206 e
1190 1144 1351 1206 dulci
1382 1152 1617 1207 constat
1645 1144 1821 1221 olim,

416 1231 591 1305 Quod
621 1230 829 1313 pingui
858 1230 1107 1293 miscere
1136 1250 1301 1292 mero
1329 1230 1642 1313 muriaque
1674 1228 1935 1306 decebit,

416 1316 559 1379 Non
586 1318 707 1379 alia
754 1337 934 1399 quam
964 1336 1084 1398 qua
1115 1314 1412 1397 Byzantia
1441 1316 1638 1398 putuit
1668 1335 1830 1378 orca.
1871 1310 1908 1345 '‘

416 1402 552 1465 Hoc
583 1402 685 1463 ubi
714 1402 1024 1464 confusum
1053 1401 1231 1463 sectis
1260 1400 1545 1463 inferbuit
1571 1401 1770 1464 herbis

418 1480 791 1572 Corycioque
823 1508 997 1550 croco
1028 1506 1295 1569 sparsum
1328 1486 1519 1564 stetit,
1548 1486 1792 1569 insuper
1823 1483 2010 1549 addes

416 1574 638 1637 Pressa
667 1572 1051 1637 Venafranae
1084 1570 1243 1653 quod
1272 1571 1426 1634 baca
1456 1571 1698 1645 remisit
1720 1572 1934 1636 olivae.

416 1658 656 1723 Picenis
687 1658 911 1721 cedunt
939 1658 1127 1740 pomis
1156 1657 1428 1720 Tiburtia
1457 1678 1672 1720 succo:

417 1744 581 1807 Nam
609 1744 762 1809 facie
792 1750 1120 1826 praestant.
1212 1741 1534 1806 Venucula
1562 1739 1841 1805 convenit
1867 1740 2034 1817 ollis3
2113 1822 2119 1827 .
2151 1792 2166 1808 .
2185 1800 2198 1811 .

418 1829 669 1893 Rectius
698 1829 998 1892 Albanam
1027 1828 1193 1891 fumo
1224 1828 1536 1891 duraveris
1562 1848 1763 1890 uvam.

419 1916 599 1979 Hanc
624 1936 738 1998 ego
768 1936 904 1978 cum
934 1915 1128 1992 malm,
1160 1934 1272 1995 ego
1301 1914 1536 1977 faecem
1565 1914 1790 1997 primus
1821 1918 1885 1977 et
1913 1912 2090 1993 allec,

419 2001 659 2065 Primus
689 2007 752 2063 et
778 2000 1048 2073 invenior
1066 2000 1247 2083 'piper
1276 2000 1476 2062 album
1505 2020 1642 2063 eum
1672 2000 1797 2062 sale
1826 1999 1998 2081 nigro

421 2086 733 2150 Incretum
762 2086 925 2169 puris
957 2085 1448 2167 circumposuisse
1480 2084 1714 2147 catillis·

421 2172 693 2236 Immane
724 2178 817 2234 est
845 2171 1055 2233 vitium
1108 2170 1251 2233 dare
1280 2170 1467 2233 millia
1494 2182 1670 2234 terna
1697 2170 1948 2234 macello

422 2257 821 2339 Angustoque
853 2276 1039 2338 vagos
1070 2256 1262 2339 pisces
1290 2277 1509 2337 urgere
1543 2256 1762 2318 catino.

422 2342 654 2425 Magna
680 2347 881 2405 movet
908 2342 1215 2404 stomacho
1240 2341 1503 2420 fastidia,
1533 2362 1640 2403 seu
1670 2362 1822 2425 puer
1847 2338 2044 2403 unctis

422 2428 733 2491 Tractavit
758 2427 1005 2489 calicem
1035 2427 1304 2489 manibus
1358 2426 1500 2489 dum
1535 2426 1699 2488 furta
1727 2425 1956 2507 ligurit,
2035 2421 2052 2439 “

426 2510 567 2575 Sive
600 2513 799 2595 gravis
830 2512 1018 2575 veteri
1050 2518 1321 2575 craterae
1349 2512 1526 2575 limus
1556 2510 1847 2575 adhaesit.
2039 2506 2046 2515 ’

421 2597 662 2662 Vilibus
689 2598 752 2660 in
786 2599 999 2681 scopis,
1028 2598 1093 2660 in
1122 2598 1375 2681 mappis,
1404 2598 1467 2659 in
1493 2597 1672 2660 scobe
1705 2603 1966 2680 quantus

424 2683 708 2769 Consistit
736 2690 965 2745 sumtus
991 2679 1017 2746 ’ἓ
1108 2682 1422 2764 Neglectis
1474 2682 1762 2765 flagitium
1792 2683 2024 2766 ingens.

424 2770 553 2832 Ten
604 2768 835 2851 lapides
866 2768 1061 2830 varios
1090 2768 1388 2830 lutulenta
1414 2768 1630 2831 radere
1661 2767 1859 2849 palma

426 2854 510 2917 Et
540 2854 753 2936 Tyrias
784 2853 928 2916 dare
961 2854 1185 2915 circum
1200 2852 1396 2915 inluta
1410 2854 1622 2915 toralia
1650 2860 1872 2932 vestes,
1975 2904 1980 2909 .

428 2938 697 3001 Oblitum
745 2945 969 3022 quanto
1000 2958 1206 2999 curam
1237 2944 1616 3021 sumtumque
1646 2938 1935 3001 minorem

424 3025 601 3087 Haec
631 3024 893 3086 habeant
946 3030 1113 3085 tanto
1142 3023 1501 3105 reprehendi
1521 3023 1744 3107 justius
1773 3024 1888 3086 illis

426 3109 596 3183 Quae
626 3110 740 3172 nisi
766 3108 1045 3171 divitibus
1075 3115 1382 3191 nequeant
1409 3109 1756 3190 contingere
1787 3106 2050 3172 mensis?

366 3274 371 3279 ,
422 3199 465 3230 “
490 3193 685 3257 Docte
720 3192 1023 3277 Cati‚·per
1051 3194 1376 3257 amicitiam
1407 3193 1698 3276 divosque
1729 3202 2001 3279 rogatu3‚

424 3280 667 3343 Ducere
696 3300 792 3341 me
824 3278 1094 3341 auditum
1146 3300 1363 3361 perges
1409 3300 1772 3364 quocunque
1837 3285 2156 3342 mement0.

318 3426 322 3430 .
424 3364 587 3427 Nam
618 3365 887 3447 quamvis
917 3365 1163 3427 memori
1191 3364 1420 3427 referas
1447 3364 1592 3427 mihi
1620 3370 1863 3447 pectore
1896 3371 2136 3443 cuncta,

426 3450 570 3512 Non
600 3457 801 3512 tamen
829 3451 1124 3532 interpres
1154 3450 1507 3512 tantundem
1527 3450 1778 3533 juveris,
1866 3450 2050 3514 Adde

428 3535 682 3599 Vultum
712 3535 1099 3617 habitumque
1128 3535 1401 3613 hominm,
1433 3556 1611 3617 quem
1639 3541 1710 3597 tu
1737 3534 1954 3599 vidisse
1985 3536 2200 3600 beatus

428 3620 571 3683 Non
599 3621 801 3701 magni
830 3620 1041 3704 pendis
1095 3621 1236 3703 quia
1265 3620 1553 3703 contigit-3
1599 3627 1663 3683 at
1689 3622 1833 3683 mihi
1862 3642 2010 3685 cura

428 3706 573 3769 Non
600 3704 913 3768 mediocris
941 3706 1119 3784 inest,
1149 3706 1344 3769 fontes
1372 3714 1444 3768 ut
1473 3706 1638 3769 adire
1669 3712 1928 3771 remotos

388 3820 394 3827 ·
420 3790 637 3875 ‘Atque
667 3792 905 3855 haurire
938 3812 1155 3874 queam
1184 3792 1343 3856 vitae
1372 3798 1699 3877 praecepta
1731 3793 2022 3859 beatae.’'

2436 1675 2508 1724 ⁷0

2439 2104 2508 2152 ⁷5

2445 3385 2509 3433 90

2447 3814 2516 3863 95
