2742 4417
989 356 1119 401 LIB.
1166 354 1214 401 1.
1264 354 1464 401 EPIST.
1511 354 1589 401 11.

230 509 317 573 In
350 516 495 573 cute
527 508 794 573 curanda
822 509 955 591 plus
986 530 1177 591 aequo
1206 516 1452 592 operata
1471 510 1781 593 juventus,
1827 518 1839 529 ‘

236 596 363 661 Cui
395 596 710 680 pulchrum
739 596 857 657 fuit
883 595 946 657 in
977 594 1201 657 medios
1232 595 1488 657 dormire
1521 594 1648 659 dies
1678 603 1742 658 et
1789 603 1796 612 “

156 698 165 705 ·
232 682 352 744 Ad
382 683 697 764 strepitum
729 681 994 765 citharae
1023 691 1320 743 cessatum
1350 681 1572 743 ducere
1606 702 1833 744 curam.

234 768 336 831 Ut
355 765 643 851 jugulent
670 766 937 829 homines
990 773 1247 848 surgunt
1278 766 1351 828 de
1385 774 1559 829 nocte
1596 767 1898 832 latrones:

239 854 335 916 Ut
367 862 429 915 te
460 854 653 936 ipsum
684 873 886 915 serves
939 874 1058 913 uon
1088 852 1520 935 expergisceris
1547 851 1572 913 ⁴?
1661 853 1854 936 Atqui

242 938 313 1001 Si
344 940 515 1001 noles
544 960 724 1001 sanus
778 945 983 1000 curres
1012 936 1413 1021 hydropicus:
1459 945 1523 999 et
1549 936 1612 999 ni

238 1024 473 1087 Posces
505 1032 645 1086 ante
677 1023 833 1085 diem
861 1023 1079 1085 librum
1111 1044 1249 1085 cum
1286 1023 1532 1100 lumine,
1564 1022 1615 1085 si
1644 1044 1764 1087 non

240 1109 542 1171 Intendes
572 1110 831 1171 animum
862 1108 1073 1175 studiis
1103 1115 1166 1171 et
1193 1108 1373 1171 rebus
1401 1108 1687 1187 honestiS,

216 1194 491 1267 Invidia
518 1196 617 1257 vel
644 1215 843 1257 amore
876 1194 1017 1276 vigil
1045 1194 1425 1277 torquebere.
1515 1192 1677 1257 Nam
1709 1215 1820 1258 cur

245 1278 422 1351 Quae
452 1279 705 1343 laedunt
735 1278 939 1339 oculos
970 1280 1223 1342 festinas
1253 1279 1522 1357 demere,
1553 1281 1605 1355 si
1635 1281 1784 1365 quid

246 1364 651 1427 Est-animum
706 1364 905 1427 differs
936 1364 1185 1428 curandi
1215 1370 1451 1448 tempus
1479 1365 1543 1427 in
1583 1387 1804 1429 annum
1829 1366 1857 1430 ’ἰ

242 1449 585 1513 Dimidium
611 1450 757 1513 facti
808 1450 915 1533 qui
946 1450 1142 1533 coepit
1192 1450 1411 1513 habet:
1459 1472 1672 1534 sapere
1703 1451 1892 1529 aude;

245 1536 483 1619 Incipe.
576 1535 693 1609 Qui
722 1543 886 1599 recte
917 1535 1156 1599 vivendi
1186 1543 1471 1618 prorogat
1497 1536 1707 1601 horam

241 1622 540 1685 Rusticus
570 1627 881 1704 exspectat
930 1621 1074 1684 dum
1104 1622 1327 1685 defluat
1356 1622 1584 1698 amnis;
1627 1630 1694 1685 at
1723 1622 1822 1685 ille

242 1706 507 1774 Labstur
534 1713 598 1770 et
624 1707 860 1769 labetur
886 1706 949 1768 in
978 1727 1165 1770 omne·
1182 1707 1457 1770 volubilis
1487 1728 1723 1771 aevum.

246 1791 593 1875 Quaeritur·
610 1798 929 1874 argentum
955 1793 1277 1875 puerisque
1306 1792 1488 1855 beata
1517 1793 1790 1857 creandis

236 1877 447 1957 Uxor,
481 1885 546 1941 et
573 1877 835 1941 incultae
865 1884 1161 1961 pacantur
1190 1898 1428 1941 vomere
1459 1878 1678 1942 silvae:

246 1962 428 2035 Quod
460 1964 605 2027 satis
634 1969 727 2025 est
756 1963 854 2025 cui
884 1963 1177 2045 contingit
1230 1964 1315 2025 nil
1344 1964 1598 2046 amplius
1626 1977 1813 2053 optet.
1900 2022 1910 2031 .

242 2048 395 2111 Non
422 2048 633 2112 domus
663 2054 728 2111 et
754 2048 999 2127 funduS,
1028 2070 1149 2111 non
1177 2050 1333 2113 aeris
1364 2070 1617 2115 acervus
1645 2059 1708 2114 et
1739 2050 1872 2115 auri

242 2134 523 2217 Aegroto
553 2134 774 2198 domini
803 2134 1051 2198 deduxit
1080 2156 1324 2218 corpore
1355 2134 1576 2215 febreS‚

246 2218 396 2283 Non
424 2220 617 2283 animo
650 2240 842 2283 curas.
890 2219 1115 2284 Valeat
1142 2239 1444 2303 possessor
1472 2227 1710 2305 oportet

248 2304 319 2369 Si
348 2306 730 2389 comportatis
760 2306 939 2369 rebus
968 2306 1121 2368 bene
1152 2306 1379 2388 cogitat
1409 2307 1515 2369 uti.

246 2390 369 2464 Qui
400 2392 565 2475 cupit
592 2398 699 2455 aut
727 2392 941 2455 metuit
983 2392 1161 2475 juvat
1190 2392 1355 2454 illum
1399 2392 1484 2455 sic
1515 2392 1724 2456 domus
1755 2397 1818 2455 et
1844 2413 1942 2455 res

244 2476 341 2541 Ut
368 2477 596 2560 lippum
626 2478 822 2561 pictae
852 2478 1115 2555 tabulae,
1145 2477 1410 2541 fomenta
1437 2477 1788 2562 podagram,

243 2562 573 2626 Auriculas
603 2564 866 2629 citharae
898 2565 1151 2627 collecta
1178 2565 1353 2629 sorde
1386 2565 1676 2627 dolentes.

134 2682 155 2721 ς
250 2647 569 2711 Sincerum
600 2655 692 2711 est
718 2650 832 2713 nisi
860 2671 967 2713 vas
1022 2650 1424 2734 quodcunque
1470 2650 1736 2713 infundis
1765 2648 2010 2714 acescit.

250 2731 485 2817 Sperne
517 2734 875 2817 voluptateS‚
898 2745 1079 2799 nocet
1100 2744 1307 2820 empta
1330 2736 1530 2799 dolore
1562 2738 1855 2819 voluptas.

250 2817 507 2901 Semper
536 2840 751 2883 avarus
783 2827 957 2903 eget:
1008 2828 1238 2884 certum
1269 2830 1408 2885 voto
1436 2828 1576 2904 pete
1611 2824 1810 2885 finem.

246 2904 501 2967 Invidus
532 2904 777 2968 alterius
806 2907 1123 2969 macrescit
1150 2908 1602 2989 rebus-opimis:

246 2989 489 3053 Invidia
522 2988 709 3055 Siculi
737 3013 855 3054 non
884 2992 1166 3055 invenere
1198 2992 1440 3077 tyranni

174 3082 185 3089 '
245 3075 452 3160 Majus
482 3082 867 3139 tormentum.
958 3077 1076 3150 Qui
1105 3079 1223 3141 nori
1264 3077 1673 3141 moderabitur
1705 3078 1832 3143 irae

243 3159 553 3225 Infectum
581 3163 743 3225 volet
772 3184 925 3241 esse,
957 3163 1124 3227 dolor
1152 3164 1311 3246 quod
1340 3163 1600 3227 suaserit
1629 3170 1692 3226 et
1719 3183 1909 3245 menet,

244 3247 408 3310 Dum
436 3268 663 3331 poenas
692 3248 826 3312 odio
854 3270 965 3331 per
993 3250 1113 3311 vim
1142 3249 1388 3312 festinat
1415 3249 1626 3311 inulto·

242 3333 348 3395 Ira
374 3334 549 3396 furor
576 3334 774 3397 brevis
804 3342 897 3397 est
922 3356 937 3397 ε
986 3335 1247 3397 animum
1276 3356 1444 3417 rege,
1473 3333 1580 3418 qui
1605 3333 1721 3397 nisi
1750 3339 1926 3417 paret

245 3418 551 3502 Imperat:
601 3419 759 3482 hunc
791 3420 997 3497 frenis,
1028 3420 1185 3483 hunc
1206 3427 1284 3505 ‘tu
1314 3439 1624 3503 compesce
1657 3425 1891 3481 catena.

244 3503 450 3587 Fingit
480 3525 703 3587 equum
733 3513 945 3567 tenera
976 3505 1225 3569 docilem
1256 3507 1493 3569 cervice
1523 3504 1810 3586 magister

246 3587 346 3651 Ire
379 3590 560 3668 viam,
590 3611 711 3673 qua
738 3597 1029 3653 monstret
1060 3612 1243 3673 eques
1266 3612 1283 3667 ;
1310 3590 1660 3673 ‘venaticum
1692 3611 1767 3653 ex
1797 3610 1916 3673 quo

246 3674 537 3759 Tempore
571 3676 872 3738 cervinam
901 3678 1116 3759 pellem
1144 3678 1386 3739 latravit
1415 3678 1477 3739 in
1507 3677 1667 3753 aula,

246 3759 475 3825 Militat
503 3761 565 3823 in
594 3761 758 3825 silvis
787 3765 1041 3825 catulus·
1133 3762 1196 3825 N
1200 3784 1315 3825 unc
1348 3762 1560 3829 adhibe
1591 3781 1740 3844 puro

248 3844 501 3910 Pectore
535 3848 731 3934 verba,
748 3869 921 3996 ῗιὲθξ,
950 3869 1109 3913 nunc
1141 3854 1201 3913 te
1230 3848 1571 3911 melioribus
1601 3846 1764 3910 offer.

2265 1046 2330 1096 35

2265 1472 2329 1521 40
