2742 4417
425 323 550 388 206
1193 297 1202 306 ’
1239 338 1685 386 ΕΡΙεΤοιΑΒσΜ

423 494 509 556 Te
543 493 695 557 duce
726 515 835 578 per
862 514 1080 578 pueros
1106 493 1306 558 hostili
1335 514 1500 557 more
1529 494 1833 570 refertur3

424 580 827 643 Adversarius
859 587 952 643 est
981 581 1191 659 frater,
1221 581 1391 643 lacus
1422 579 1684 658 Hadria,
1715 579 1909 642 donec

425 666 807 728 Alterutrum
839 667 1010 728 velox
1027 665 1306 730 Victoria
1325 666 1539 728 fronde
1560 670 1825 728 coronet.

427 750 777 813 Consentire
807 752 930 814 suis
959 751 1172 815 studiis
1201 750 1305 834 qui
1336 751 1661 814 cre-diderit
1692 757 1773 828 te,

423 835 649 899 Fautor
677 843 930 920 utroque
963 845 1132 900 tuum
1160 836 1431 899 laudabit
1454 836 1665 919 pollice
1694 834 1923 898 ludum.

381 953 402 976 ο
423 921 703 985 Protinus
733 929 803 984 ut
831 942 1122 1001 moneam,
1153 922 1203 985 si
1232 921 1379 1004 quid
1407 922 1711 984 monitoris
1744 941 1887 1003 eges
1916 926 2008 1000 tu,

425 1006 584 1080 Quid
614 1007 689 1069 de
721 1028 956 1091 quoque
985 1008 1114 1070 viro
1144 1014 1208 1070 et
1237 1007 1335 1070 cui
1364 1007 1529 1070 dicas
1582 1027 1763 1090 saepe
1793 1006 2016 1069 videto·

423 1092 914 1155 Percontatorem
939 1093 1156 1175 fugite,
1194 1112 1335 1155 nam
1380 1092 1664 1175 garrulus
1696 1092 1857 1155 idem
1884 1098 2000 1172 est,
2097 1130 2105 1138 ·

423 1177 488 1240 N
491 1198 560 1240 ec
592 1177 854 1240 retinent
882 1179 1122 1261 patulae
1154 1177 1467 1240 commissa
1492 1178 1753 1240 fideliter
1780 1197 1980 1258 aures,

425 1263 510 1326 Et
537 1263 724 1326 semel
753 1263 1031 1326 emissum
1059 1264 1222 1326 volat
1248 1263 1636 1327 irrevocabile
1667 1263 1938 1326 verbum.

425 1348 568 1411 Non
601 1348 816 1412 ancilla
845 1355 1015 1411 tuum
1032 1349 1213 1432 jecur
1241 1350 1474 1412 ulceret
1502 1349 1626 1411 ulla
1654 1369 1878 1432 puerve

425 1433 600 1496 Intra
627 1455 1023 1497 marmoreum
1052 1434 1379 1498 venerandi
1406 1435 1586 1497 limen
1616 1433 1814 1512 amici,

426 1519 527 1582 Ne
559 1520 830 1582 dominus
858 1521 1030 1603 pueri
1058 1521 1292 1604 pulchri
1321 1541 1575 1583 caraeve
1606 1520 1843 1604 puellae

427 1605 684 1668 Munere
717 1612 776 1668 te
807 1627 992 1688 parvo
1019 1606 1162 1668 beet
1189 1611 1296 1668 aut
1322 1605 1731 1668 incommodus
1762 1609 1968 1687 angat.

431 1690 686 1764 Qualem
706 1691 1107 1771 commendeS,
1139 1691 1320 1754 etiam
1348 1698 1530 1775 atque
1564 1691 1745 1754 etiam
1774 1691 2041 1774 adspice,
2070 1711 2147 1754 ne
2176 1708 2313 1754 mox

426 1777 736 1839 Incutiant
765 1777 961 1840 aliena
990 1778 1097 1840 tibi
1125 1783 1378 1860 peccata
1411 1777 1719 1860 pudorem.

428 1861 716 1925 Fallimur
770 1868 832 1925 et
861 1863 1161 1946 quondam
1187 1883 1306 1925 non
1335 1862 1583 1945 dignum
1613 1861 1903 1925 tradimus
1928 1883 1944 1924 ε
1992 1881 2139 1946 ergo

430 1946 623 2020 Quem
651 1969 762 2011 sua
791 1949 967 2032 culpa
996 1955 1228 2032 premet
1278 1947 1568 2031 deceptus
1598 1947 1805 2010 omitte
1837 1946 2016 2032 tueri,

429 2031 522 2096 Ut
551 2034 787 2115 penitus
815 2042 1045 2112 notum,
1075 2033 1127 2096 si
1156 2040 1393 2096 tentent
1421 2033 1689 2111 crimina,
1722 2053 1927 2096 serves

303 2193 322 2210 ν
429 2118 786 2202 Tuterisque
817 2127 921 2182 tuo
943 2119 1236 2184 fidentem
1257 2119 1593 2202 praesidio:
1643 2118 1747 2201 qui

429 2203 630 2267 Dente
661 2202 964 2268 Theonino
993 2226 1130 2268 cum
1162 2204 1638 2280 circumroditur,
1670 2201 1888 2287 ecquid

429 2291 534 2354 Ad
563 2301 626 2354 te
655 2297 790 2374 post
817 2291 994 2374 paulo
1024 2297 1281 2353 ventura
1310 2290 1579 2374 pericula
1606 2289 1793 2352 sentis
1818 2287 1845 2351 ’ἒ

429 2376 593 2440 Nam
621 2383 728 2439 tua
755 2398 853 2440 res
885 2376 1084 2459 agitur
1135 2376 1332 2459 paries
1361 2397 1498 2439 cum
1527 2375 1827 2459 proximus
1857 2372 2053 2456 ardet,

431 2463 522 2526 Et
541 2464 820 2546 neglecta
847 2463 1039 2525 solent
1065 2461 1344 2524 incendia
1370 2457 1605 2524 sumere
1636 2461 1814 2523 vires·

431 2549 641 2612 Dulcis
668 2548 995 2632 inexpertis
1023 2549 1260 2611 cultura
1288 2547 1549 2631 potentis
1578 2546 1790 2622 amici3

431 2634 734 2717 Expertus
763 2634 996 2696 metuit.
1086 2633 1182 2696 Tu
1235 2633 1379 2695 dum
1406 2641 1514 2696 tua
1541 2632 1710 2695 navis
1737 2632 1800 2694 in
1830 2631 1950 2694 alto
1979 2636 2073 2694 est

430 2719 568 2782 Hoc
595 2740 731 2801 age,
761 2739 837 2781 ne
867 2725 1100 2782 mutata
1127 2725 1455 2781 retrorsum
1484 2728 1545 2781 te
1576 2718 1733 2780 ferat
1762 2737 1931 2779 aura.

435 2803 713 2866 Oderunt
740 2804 989 2866 hilarem
1019 2804 1224 2866 tristes
1253 2804 1604 2886 tristemque
1623 2802 1837 2886 jocosi,

436 2887 724 2974 Sedatum
755 2890 1004 2967 celereS,
1035 2889 1255 2970 agilem
1303 2908 1651 2972 navumque
1696 2885 1927 2950 remissi
1952 2905 1972 2964 ;

401 2975 406 2980 ’
433 2974 685 3037 Potores
715 2973 905 3036 bibuli
928 2973 1126 3035 media
1155 2973 1230 3035 de
1260 2982 1436 3036 nocte
1465 2973 1708 3035 Falerni

437 3059 716 3122 Oderunt
744 3064 1022 3142 porrecta
1049 3064 1372 3140 negantem
1401 3058 1637 3141 pocula,
1668 3057 1939 3141 quamvis

433 3147 776 3210 Nocturnos
796 3146 968 3229 jures
997 3151 1058 3206 te
1087 3143 1409 3207 formidare
1438 3163 1710 3226 vapores·

433 3232 626 3296 Deme
657 3229 972 3316 supercilio
1000 3231 1220 3292 nubem
1245 3252 1260 3292 ε
1307 3231 1657 3313 plerumque
1687 3229 1993 3294 modestus

437 3317 715 3401 Occupat
743 3315 979 3380 obscuri
1007 3316 1290 3399 speciem,
1323 3316 1656 3378 taciturnus
1687 3315 1910 3378 acerbi.

434 3404 609 3466 Inter
637 3409 856 3466 cuncta
883 3402 1050 3484 leges
1081 3409 1146 3464 et
1172 3402 1600 3486 percontabere
1633 3401 1861 3479 doctos,

437 3487 574 3561 Qua
603 3489 832 3551 ratione
862 3507 1050 3571 queas
1077 3489 1397 3558 traducere
1426 3487 1643 3549 leniter
1672 3507 1886 3549 aevum
1916 3505 1933 3560 ;

373 3627 379 3630 .
437 3573 603 3636 Num
634 3581 694 3636 te
725 3595 960 3659 semper
987 3575 1157 3658 inops
1187 3574 1379 3656 agitet
1408 3580 1704 3655 vexetque
1736 3571 1974 3655 cupid0,

437 3658 606 3722 Num
636 3679 820 3743 pavor
850 3667 930 3722 et·
941 3681 1144 3722 rerum
1171 3658 1551 3721 mediocriter
1579 3657 1813 3720 utilium
1842 3674 2020 3740 spcs;

438 3743 748 3808 Virtutem
780 3744 1051 3807 doctrina
1072 3751 1260 3827 paret,
1274 3750 1569 3806 naturane
1601 3743 1783 3805 donet
1808 3762 1825 3818 ;

441 3828 602 3904 Quid
630 3830 861 3894 minuat
889 3851 1086 3909 curas,
1117 3830 1264 3912 quid
1292 3835 1354 3892 te
1385 3829 1495 3891 tibi
1522 3828 1740 3892 reddat
1769 3827 2026 3891 amicum
2052 3845 2072 3905 ;

2431 1195 2501 1244 ⁷⁰

2430 1625 2499 1674 ⁷5

2416 3757 2525 3816 1⁰⁰.
