2742 4417
1126 341 1318 390 cm.
1362 343 1459 392 11.
2070 297 2079 308 ⁹
2210 330 2340 398 no

599 491 754 558 Cum
797 489 1004 556 Pallas
1043 499 1180 557 usto
1208 492 1438 557 vertit
1420 514 1573 556 iram
1600 494 1676 558 ab
1704 493 1818 558 Ilio

677 578 799 641 In
782 580 1024 678 impiam
1052 579 1263 663 Ajacis
1293 579 1524 645 ratem!

593 661 650 728 Ο
683 673 941 747 quantus
973 665 1158 728 instat
1184 664 1403 728 navitis
1430 664 1615 728 sudor
1642 665 1784 744 tuis,
2259 685 2319 733 15

673 749 926 832 Tibique
957 751 1146 832 pallor
1173 751 1375 812 luteus

590 833 672 896 Et
699 834 802 896 illa
828 855 948 897 non
977 835 1162 897 virilis
1189 835 1437 918 ejulatio

675 918 902 982 Preces
930 928 994 982 et
1021 941 1298 983 aversum
1327 920 1407 982 ad
1435 918 1481 1000 J
1483 938 1676 997 ovem,

582 1003 790 1068 Ionius
831 1004 956 1068 ndo
999 1023 1138 1066 cum
1179 1005 1523 1087 remugiens
1550 1004 1715 1067 sinus

523 1139 532 1146 .
577 1147 587 1156 ,
672 1089 836 1153 Noto
865 1091 1131 1153 carinam
1159 1089 1431 1172 ruperit!
2254 1109 2321 1158 m

591 1172 808 1257 Opima
849 1174 1064 1258 quodsi
1105 1175 1334 1258 praeda
1359 1195 1543 1237 curvo
1572 1173 1747 1237 litore

672 1259 955 1344 Projecta
980 1280 1217 1342 mergos
1237 1260 1493 1342 juveris,

585 1343 962 1408 Libidinosus
988 1345 1387 1407 immolabitur
1416 1363 1598 1428 caper

671 1428 756 1493 Et
783 1450 943 1514 agna
969 1429 1471 1514 Tempestatibus.

947 1852 1405 1921 GARMEN
1462 1852 1623 1920 XI.

495 2197 720 2274 Pam,
729 2195 893 2259 nihil
920 2216 1018 2259 me
1069 2194 1228 2259 sicut
1255 2201 1437 2260 antea
1475 2196 1656 2282 juvat

587 2243 866 2347 Scribere
897 2281 1221 2344 versiculos
1250 2301 1449 2344 amore
1480 2302 1829 2365 percussum
1858 2281 2051 2367 gravi,

493 2367 722 2432 Amore
775 2367 878 2450 qui
907 2387 1003 2429 me
1033 2375 1277 2450 praeter
1302 2387 1507 2430 omnes
1536 2367 1765 2450 expetit

579 2451 905 2515 Mollibus
888 2474 953 2513 ιιι
979 2452 1181 2535 pueris
1211 2462 1317 2515 aut
1344 2451 1407 2514 in
1436 2453 1649 2535 puellis
1677 2473 1877 2515 urere.

496 2536 618 2601 Hic
647 2538 862 2600 tertius
891 2537 1251 2616 December,
1282 2558 1358 2600 ex
1382 2558 1501 2620 quo
1531 2537 1735 2600 destiti
2277 2560 2311 2608 5

579 2621 830 2686 Inachia
856 2623 1081 2699 furere,
1111 2622 1272 2686 silvis
1299 2623 1585 2686 honorem
1612 2622 1863 2686 decutit.

491 2707 638 2772 Heu
695 2728 817 2786 me,
846 2727 958 2792 per
986 2704 1222 2770 Urbem
1247 2741 1338 2753 —
1364 2727 1506 2770 nam
1535 2704 1727 2790 pudet
1756 2696 1913 2767 tanti
1939 2699 2084 2764 mali
2103 2731 2196 2746 -

578 2793 811 2856 Fabula
838 2801 1064 2875 quanta
1085 2792 1208 2856 fui!
1281 2793 1705 2857 conviviorum
1738 2796 1801 2854 et
1829 2788 2145 2874 poenitet3

489 2877 570 2943 In
598 2878 732 2962 quis
760 2886 1058 2940 amantem
1088 2885 1152 2940 et
1179 2879 1435 2960 languor
1462 2885 1525 2940 et
1552 2878 1853 2940 silentium

576 2963 806 3046 Arguit
845 2970 920 3046 ⁴et
945 2963 1137 3026 latere
1168 2963 1391 3046 petitus
1418 2963 1535 3024 imo
1564 2963 1827 3045 spiritus.
2250 2983 2311 3033 10

494 3047 796 3114 Contrane
839 3047 1073 3112 lucrum
1093 3048 1178 3110 nil
1211 3049 1408 3111 valere
1439 3047 1761 3111 candidum

578 3133 872 3217 Pauperis
901 3133 1206 3216 ingenium
1231 3131 1258 3196 ’Β
1304 3133 1603 3215 querebar
1630 3133 1948 3216 applorans
1977 3130 2110 3215 tibi,

492 3217 682 3284 Simul
713 3219 964 3282 calentis
993 3219 1435 3282 inverecundus
1464 3218 1614 3281 deus

580 3304 928 3367 Fervidiore
956 3325 1121 3367 mero
1150 3323 1375 3367 arcana
1401 3308 1703 3386 promorat
1729 3302 1880 3365 loco·

493 3387 720 3464 Quodsi
748 3390 894 3452 meis
923 3386 1223 3452 inaestuat
1246 3389 1617 3472 praecordiis
2250 3407 2313 3456 15

582 3474 802 3537 Libera
827 3474 983 3552 biliS,
1013 3482 1083 3537 ut
1111 3475 1260 3537 haec
1289 3474 1531 3555 ingrata
1559 3470 1753 3536 ventis
1782 3470 2014 3535 dividat

490 3559 784 3623 Fomenta
833 3560 1048 3622 vulnus
1077 3560 1160 3622 nil
1189 3560 1410 3621 malum
1439 3559 1721 3636 levantia,

580 3644 836 3707 Desinet
864 3644 1187 3727 imparibus
1216 3652 1452 3707 certare
1482 3651 1809 3707 summotus
1838 3642 2053 3725 pudor.

498 3727 625 3792 Ubi
655 3731 806 3793 haec
837 3750 1082 3792 severus
1111 3737 1172 3792 te
1203 3730 1402 3812 palam
1430 3729 1839 3806 laudaveram,

579 3815 623 3878 J
625 3836 798 3879 ussus
829 3814 994 3878 abire
1025 3815 1264 3878 domum
1314 3814 1556 3878 ferebar
1582 3814 1812 3878 incerto
1840 3813 1996 3897 pede
2248 3833 2311 3884 20
