2742 4417
487 333 614 398 118
773 383 780 390 .
1271 349 1523 396 nronon
1564 349 1778 395 mnan.

837 504 1108 571 Candide
1135 503 1485 582 Maecenas,
1515 502 1737 566 occidis
1766 522 1945 586 saepe
1974 499 2283 584 rogando:
2544 518 2577 566 5
2699 507 2700 576 ζ

919 591 1112 668 Deus,
1143 589 1292 651 deus
1319 609 1459 652 nam
1488 609 1583 650 me
1614 595 1781 650 vetat
2699 587 2700 598 ³

832 676 1138 758 Inceptos‚
1169 675 1304 736 olim
1335 675 1688 758 promissum
1716 693 1981 752 carmen,
2010 671 2237 735 iambos

917 760 1024 823 Ad
1053 759 1394 822 umbilicum
1424 759 1746 821 adducere.

835 843 978 911 Non
1009 847 1183 909 aliter
1216 843 1414 907 Samio
1444 844 1652 906 dicunt
1680 843 1896 906 arsisse
1926 841 2211 926 Bathyllo

917 930 1307 994 Anacreonta
1338 929 1573 1006 Teium,
2514 945 2583 994 10

837 1015 954 1090 Qui
985 1035 1272 1099 persaepe
1305 1035 1457 1076 cava
1485 1013 1785 1077 testudine
1814 1012 1981 1076 flevit
2010 1031 2273 1074 amorem
2394 1053 2403 1059 -

920 1100 1063 1164 Non
1093 1101 1461 1162 elaboratum
1490 1099 1568 1162 ad
1599 1099 1835 1182 pedem.

833 1185 1091 1251 Ureris
1077 1205 1203 1268 1pse
1234 1184 1448 1246 miser.
1515 1182 1731 1268 quodsi
1768 1195 1889 1246 non
1915 1181 2261 1268 pulchrior’
2244 1179 2408 1264 ignis

920 1270 1225 1333 Accendit
1253 1270 1552 1332 obsessam
1574 1269 1751 1348 Ilion,

838 1355 1054 1421 Gaude
1084 1362 1242 1429 sorte
1275 1361 1421 1418 tua·
1407 1401 1423 1431 ,
1446 1363 1563 1417 me
1594 1353 1875 1416 libertina
1922 1373 2122 1436 neque
2151 1359 2273 1415 dno
2515 1368 2582 1421 15

924 1440 1222 1505 Contenta
1272 1439 1520 1526 Phryne
1548 1444 1836 1503 macerat.

1182 1864 1640 1932 GARMEN
1704 1811 1885 1933 XV.

752 2209 906 2275 Nox
935 2213 1068 2272 erat
1119 2213 1182 2271 et
1209 2209 1377 2270 caelo
1404 2207 1678 2290 fulgebat
1728 2207 1875 2270 luna
1900 2225 2115 2322 sereno

835 2294 1006 2359 Inter
1036 2294 1264 2356 minora
1291 2292 1513 2372 sidera,

757 2375 916 2441 Cum
959 2386 1026 2440 tu
1067 2399 1427 2460 magnorum
1485 2399 1708 2440 numen
1735 2378 1974 2442 laesura
2002 2377 2251 2442 deorum

841 2465 918 2528 In
947 2466 1131 2528 verba
1151 2465 1401 2546 jurabas
1429 2484 1587 2542 mea,

753 2550 974 2616 Artius
1018 2557 1203 2633 atque
1245 2549 1477 2614 hedera
1521 2567 1771 2632 procera
1800 2547 2193 2632 adstringitur
2220 2548 2363 2630 ilex,
2545 2569 2583 2619 5
2699 2573 2700 2598 1

801 2651 804 2655 ’
838 2635 1046 2698 Lentis
1077 2635 1411 2698 adhaerens
1441 2635 1737 2697 brachiis:

753 2721 918 2786 Dum
953 2721 1149 2803 pecori
1182 2721 1357 2803 lupus
1412 2727 1475 2782 et
1502 2719 1701 2782 nautis
1728 2719 1982 2782 infestus
2013 2717 2201 2782 Orion

836 2805 1136 2868 Turbaret
1163 2806 1477 2868 hibernum
1505 2825 1695 2882 mare,

751 2890 1148 2973 Intonsosquc
1179 2891 1441 2974 agitaret
1469 2889 1767 2972 Apollinis
1796 2909 1947 2952 aura
1974 2888 2241 2974 oapiIIOS‚

839 2975 995 3038 Fore
1028 2976 1186 3038 hunc
1218 2997 1480 3038 amorem
1508 2981 1801 3036 mutuum.
2522 2993 2585 3044 ιο

757 3059 812 3125 Ο
843 3060 1102 3123 dolitura
1130 3082 1266 3124 mea
1293 3062 1547 3123 multum
1577 3060 1799 3122 virtute
1830 3058 1895 3122 N
1897 3056 2118 3125 eaeral
2406 3066 2411 3072 “

839 3145 1003 3208 Nam
1053 3146 1104 3209 si
1133 3146 1320 3228 quid
1304 3167 1368 3208 m
1396 3145 1617 3208 Flacco
1647 3145 1759 3207 viri
1789 3151 1903 3224 est,

755 3229 899 3294 Non
929 3231 1086 3294 feret
1113 3231 1385 3295 assiduas
1414 3230 1629 3314 potiori
1659 3237 1719 3292 te
1745 3229 1891 3294 dare
1918 3219 2152 3312 noctae,

841 3314 926 3378 Et
954 3325 1207 3399 quaeret
1234 3316 1423 3378 iratus
1452 3337 1686 3400 parem,

755 3401 891 3466 Nec
917 3403 1101 3464 semel
1131 3396 1387 3465 offensae
1419 3401 1596 3464 cedet
1626 3400 1961 3465 constantia
1987 3403 2237 3482 formae,
2518 3420 2583 3468 15

846 3485 912 3549 Si
942 3495 1142 3550 certus
1170 3485 1411 3550 intrarit
1440 3486 1625 3549 dolor.

761 3567 846 3634 Et
875 3579 965 3651 tu,
995 3573 1335 3655 quicunque
1367 3593 1433 3634 es
1461 3571 1691 3635 felicior
1741 3577 1927 3656 atque
1952 3593 2087 3636 meo
2115 3589 2277 3636 nunc

850 3655 1156 3740 Superbus
1186 3657 1413 3720 incedis
1442 3659 1620 3735 mah,

759 3739 856 3805 Sis
886 3763 1100 3823 pecore
1131 3748 1196 3805 et
1222 3742 1413 3805 multa
1444 3742 1611 3806 dives
1640 3744 1854 3807 tellure
1882 3742 2090 3808 licebit

842 3826 1094 3909 Tibique
1125 3827 1409 3893 Pactolus
1437 3828 1608 3910 fluat,
2514 3849 2581 3896 20
