2742 4417
1291 330 1637 380 CARMINUM

762 483 928 548 Hinc
961 483 1039 547 ad
1069 482 1208 547 vina
1240 484 1403 550 redit
1432 485 1628 550 laetus
1681 491 1745 550 et
1782 486 1986 552 alteris

1020 570 1107 633 Te
1136 571 1358 634 mensis
1386 571 1632 636 adhibet
1658 572 1839 636 deum
1864 592 1881 648 ;

678 678 684 684 ·
761 656 848 720 Te
877 656 1067 718 multa
1095 677 1298 739 prece,
1331 664 1391 718 te
1423 658 1805 741 prosequitur
1830 678 1995 721 mero

760 742 991 806 Defuso
1021 741 1268 824 pateriS,
1300 750 1363 804 et
1395 741 1649 806 Laribus
1683 753 1851 807 tuum

757 826 982 891 Miscet
1008 848 1251 905 numen,
1283 829 1370 890 uti
1404 827 1665 892 Graecia
1696 828 1960 893 Castoris

1015 913 1099 975 Et
1127 913 1329 996 magni
1357 934 1586 976 memor
1614 914 1922 978 Herculis,

755 997 998 1080 Longas
1025 1019 1060 1061 o
1092 997 1342 1075 utinam,
1371 997 1496 1060 dux
1523 999 1701 1077 bone,
1730 999 1915 1062 ferias

759 1083 1043 1146 Praestes
1071 1083 1409 1166 Hesperiae
1435 1081 1451 1148 l
1498 1081 1753 1148 dicimus
1782 1084 2021 1168 integro

753 1167 916 1233 Sicci
944 1189 1118 1232 mane
1150 1168 1272 1250 die,
1299 1167 1553 1231 dicimus
1580 1169 1748 1233 uvidi

1011 1253 1167 1320 Cum
1209 1250 1314 1317 Sol
1347 1251 1597 1320 Oceano
1626 1255 1886 1320 subest.·

1108 1677 1572 1746 GARMEN
1629 1679 1785 1746 VI.

747 2022 949 2100 Dm,
977 2041 1158 2104 quem
1185 2021 1383 2104 proles
1412 2019 1649 2085 Niobea
1676 2043 1931 2106 magnae

751 2106 1074 2172 Vindicem
1103 2107 1341 2188 linguae
1363 2106 1699 2189 'Tityosque
1728 2116 1935 2191 raptor

753 2190 958 2256 Sensit
1008 2198 1072 2254 et
1099 2190 1314 2274 Trojae
1344 2212 1536 2274 prope
1560 2193 1751 2255 victor
1778 2193 1941 2258 altae

639 2299 644 2303 ·
1088 2274 1344 2340 Phthius
1371 2276 1667 2353 Achilles,

749 2359 986 2426 Ceteris
1011 2361 1222 2442 major,
1253 2362 1362 2424 tibi
1388 2361 1557 2424 miles
1586 2361 1777 2444 impar

744 2445 936 2510 Filius
967 2449 1240 2531 quamvis
1270 2445 1545 2511 Thetidis
1572 2445 1865 2512 marinae·
1980 2441 2000 2457 ⁸

745 2532 1067 2597 Dardanas
1097 2539 1294 2596 turres
1322 2540 1605 2617 quateret
1632 2533 1945 2599 tremenda

1089 2616 1352 2702 Cuspide
1384 2639 1647 2702 pugnax.

744 2699 884 2782 me,
911 2703 1177 2778 mordaci
1205 2704 1372 2767 velut
1398 2705 1523 2768 icta
1550 2705 1712 2768 ferro
1904 2785 1908 2789 .

746 2787 937 2852 Pinus
991 2796 1098 2851 aut
1125 2789 1378 2872 impulsa
1404 2809 1725 2873 cupressus
1753 2789 1944 2871 Euro,
2078 2795 2083 2800 ’

744 2873 1020 2938 Procidit
1044 2873 1165 2936 late
1197 2875 1511 2956 posuitque
1543 2876 1761 2938 collum
1787 2875 1853 2938 in

1090 2957 1352 3022 Pulvere
1383 2959 1637 3024 Teucro.

747 3038 862 3105 me
887 3063 1008 3106 non
1034 3040 1298 3108 inclusus
1327 3066 1483 3127 equo
1512 3045 1829 3108 Minervae

751 3126 942 3211 Sacra
972 3129 1220 3192 mentito
1247 3131 1403 3192 male
1432 3131 1679 3194 feriatos

747 3213 936 3277 Troas
965 3221 1030 3277 et
1056 3215 1278 3278 laetam
1308 3215 1534 3280 Priami
1557 3214 1789 3302 choreis
1848 3249 1859 3261 ·

1087 3300 1355 3364 Falleret
1384 3302 1585 3364 aulam
1610 3319 1629 3376 ;

749 3381 874 3448 Sed
904 3385 1099 3468 pfflam
1123 3385 1319 3471 captis
1349 3385 1575 3468 gravis,
1602 3385 1723 3449 heu
1751 3383 1923 3448 nefas
1944 3383 2091 3464 heu,

746 3469 1004 3556 Nescios
1034 3471 1148 3534 fari
1177 3492 1395 3570 pueros
1422 3471 1675 3535 Achivis

627 3641 637 3649 .
748 3554 974 3619 Ureret
998 3557 1270 3634 fiammis,
1299 3557 1481 3620 etiam
1509 3558 1799 3620 latentem

1088 3641 1306 3704 Matris
1335 3642 1399 3706 in
1428 3644 1588 3723 alvo,

745 3722 833 3787 Ni
863 3725 980 3788 tuis
1007 3726 1202 3790 victus
1229 3726 1611 3811 Venerisque
1641 3732 1854 3808 gratae

748 3808 1018 3874 Vocibus
1047 3811 1250 3877 divom
1278 3819 1455 3896 pater
1482 3812 1793 3877 annuisset

2430 1273 2495 1323 4⁰

2422 2812 2486 2864 1⁰
