2742 4417
495 333 619 396 146
1347 329 1718 394 SATIRARUM

495 504 664 566 Mille
699 501 883 586 pedes
916 503 976 565 in
1007 502 1225 581 fronte,
1256 507 1560 566 trecentos
1591 502 1800 586 cippus
1828 501 1890 565 in
1931 522 2143 585 agrum

495 589 618 651 Hic
651 589 865 651 dabat:
912 587 1195 651 Heredes
1227 596 1678 652 monumentum
1710 611 1785 650 ne
1820 597 2201 671 sequeretur.

496 674 679 737 Nunc
710 675 853 736 licet
883 674 1166 756 Esquiliis
1195 673 1464 736 habitare
1496 673 1829 735 salubribus
1859 681 2041 756 atque

494 760 744 842 Aggere
775 761 837 821 in
866 759 1066 842 aprico
1096 760 1362 842 spatiari,
1395 780 1511 842 quo
1540 758 1715 821 modo
1746 759 1949 822 tristes

497 847 672 908 Albis
701 846 1013 907 informem
1043 846 1397 928 spectabant
1426 844 1653 906 ossibus
1684 865 1897 926 agrum
1922 864 1941 920 ;

497 931 650 994 Cum
695 930 841 993 mihi
883 951 1005 992 non
1047 938 1279 992 tantum
1310 932 1594 1012 furesque
1626 931 1933 1013 feraeque,
1964 932 2173 994 suetae

433 1041 438 1046 ·
495 1017 680 1080 Hunc
711 1038 929 1078 vexare
960 1017 1154 1078 locum
1204 1037 1385 1079 curae
1416 1024 1556 1078 sunt
1585 1023 1767 1098 atque
1796 1016 2006 1095 labori,

497 1101 801 1174 Quantum
833 1102 1189 1164 carminibus
1220 1123 1375 1184 quae
1410 1109 1649 1182 versant
1685 1109 1866 1184 atque
1898 1101 2144 1166 venenis

495 1187 809 1254 Humanos
841 1187 1082 1250 animos.
1124 1187 1257 1250 Has
1286 1187 1450 1250 nullo
1484 1186 1737 1270 perdere
1770 1208 2009 1270 possum

495 1272 559 1334 Ν
563 1294 632 1336 ec
663 1273 977 1355 prohibere
1005 1271 1200 1350 modo,
1232 1273 1407 1334 simul
1436 1293 1506 1334 ac
1539 1293 1694 1354 vaga
1722 1273 1866 1335 luna
1895 1272 2181 1336 decorum

497 1357 756 1421 Protulit
785 1379 873 1436 os,
905 1358 1049 1441 quin
1077 1379 1210 1420 ossa
1240 1358 1448 1440 legant
1474 1358 1807 1440 herbasque
1838 1367 2145 1422 nocentes.

497 1443 645 1506 Vidi
675 1451 912 1526 egomet
939 1443 1114 1526 nigra
1142 1445 1508 1506 succinctam
1538 1443 1757 1506 vadere
1794 1444 1955 1526 palla

501 1529 814 1593 Canidiam
842 1529 1094 1612 pedibus
1121 1529 1298 1592 nudis
1327 1550 1619 1612 passoque
1652 1529 1887 1612 capium

499 1614 654 1678 Cum
687 1613 929 1696 Sagana
955 1617 1177 1698 majore
1208 1615 1536 1677 ululantem
1564 1635 1581 1690 ;
1625 1616 1814 1698 pallor
1850 1621 2139 1698 utrasque

495 1701 757 1768 Fecerat
785 1701 1111 1762 horrendas
1143 1700 1456 1784 adspectu.
1549 1698 1835 1782 Scalpere
1866 1707 2089 1764 terram

501 1786 817 1868 Unguibus
847 1792 909 1847 et
939 1787 1162 1868 pullam
1192 1785 1474 1848 divellere
1510 1785 1809 1849 mordicus
1840 1807 2079 1868 agnam,

501 1869 881 1954 Coeperunt3
926 1893 1103 1934 cruor
1130 1872 1190 1933 in
1223 1871 1441 1935 fossam
1471 1872 1774 1950 confusus,
1804 1880 1874 1934 ut
1901 1865 2043 1934 inde

496 1955 715 2019 Manes
745 1957 1047 2030 elicerent,
1061 1957 1287 2022 animas
1315 1978 1601 2042 responsa
1632 1957 1897 2020 daturas.

497 2041 705 2104 Lanea
733 2050 796 2104 et
825 2042 1049 2124 effigies
1079 2051 1232 2122 erat,
1262 2044 1454 2106 altera
1483 2065 1694 2106 cerea:
1741 2044 1930 2126 major

497 2127 725 2206 Lanea,
758 2147 912 2210 quae
943 2127 1148 2210 poenis
1178 2136 1585 2212 compesceret
1613 2129 1953 2200 inferiorem
1979 2148 1997 2206 ;

501 2211 695 2276 Cerea
724 2212 1072 2295 suppliciter
1100 2214 1297 2280 stabat
1326 2214 1662 2293 servilibus,
1691 2221 1759 2276 ut
1788 2235 1944 2298 quae

497 2298 542 2362 J
545 2319 641 2360 am
672 2299 938 2382 peritura
988 2297 1198 2362 modis.
1287 2299 1571 2382 Hecaten
1600 2307 1775 2364 vocat
1804 2302 2015 2379 altera,
2046 2319 2290 2371 saevam
2356 2292 2365 2302 ”

495 2383 718 2448 Altera
745 2384 1142 2467 Tisiphonen:
1189 2393 1500 2470 serpentes
1532 2394 1712 2469 atque
1748 2386 1978 2450 videres

419 2485 426 2492 ·
498 2469 776 2533 Infernas
807 2491 1010 2533 errare
1042 2491 1242 2550 canes½
1273 2471 1636 2555 Lunamque
1668 2470 1985 2533 rubentem

499 2555 599 2618 Ne
629 2556 785 2619 foret
811 2556 904 2619 his
934 2557 1104 2618 testis
1162 2564 1295 2639 post
1322 2557 1545 2640 magna
1574 2557 1764 2619 latere
1795 2560 2089 2640 sepulcra.

498 2640 764 2704 Mentior
793 2648 856 2704 at
884 2641 934 2703 si
965 2641 1109 2724 quid
1162 2641 1383 2705 merdis
1414 2648 1596 2725 caput
1629 2642 1906 2725 inquiner
1934 2641 2083 2705 albis

500 2724 848 2803 Cormrnm,
881 2734 1060 2809 atque
1091 2727 1154 2788 in
1183 2748 1277 2788 me
1310 2729 1512 2790 veniat
1540 2728 1786 2789 mictum
1816 2735 1997 2809 atque
2040 2732 2316 2790 cacatum

495 2810 698 2873 Julius
728 2819 791 2874 et
823 2813 1051 2894 fragilis
1081 2812 1358 2875 Pediatia
1386 2814 1602 2896 furque
1633 2812 1933 2876 Vorauus,
2021 2871 2027 2875 .

501 2894 754 2978 Singula
784 2897 928 2980 quid
957 2896 1324 2959 memorem?
1371 2919 1489 2980 quo
1522 2905 1696 2982 pacto
1726 2899 1959 2961 alterna
1991 2899 2307 2980 loquentes

497 2981 763 3044 Umbrae
798 3003 933 3045 cum
968 2982 1209 3064 Sagana
1238 2992 1589 3046 resonarent
1618 2983 1787 3046 triste
1820 2992 1883 3046 et
1912 2991 2179 3066 acutum,

497 3066 708 3150 thue
737 3068 864 3150 lupi
893 3068 1137 3132 barbam
1167 3069 1366 3132 variae
1401 3090 1535 3130 cum
1568 3069 1748 3130 dente
1780 3069 2059 3136 colubrae

496 3151 861 3215 Abdiderint
889 3153 1094 3216 furtim
1125 3155 1314 3232 terris,
1329 3161 1392 3216 ct
1420 3154 1676 3236 imagine
1710 3175 1889 3216 cerea

496 3237 751 3320 Largior
779 3238 993 3302 arserit
1020 3239 1196 3321 igniS,
1229 3246 1291 3302 et
1319 3246 1391 3301 ut
1418 3261 1537 3302 non
1568 3239 1736 3304 testis
1764 3239 1991 3302 inultus

495 3322 854 3386 Horruerim
883 3346 1060 3388 voces
1093 3325 1410 3388 Furiarum
1444 3332 1506 3387 et
1534 3326 1697 3387 facta
1732 3324 2007 3388 duarum.

496 3407 660 3470 Nam
713 3410 970 3492 displosa
999 3417 1171 3472 sonat
1201 3417 1491 3493 quantum
1520 3411 1721 3474 vesica
1773 3409 1992 3492 pepedi

495 3493 735 3558 Diffissa
763 3503 902 3558 nate
935 3497 1124 3572 ficus3
1171 3503 1234 3558 at
1262 3496 1399 3557 illae
1435 3516 1679 3558 currere
1708 3496 1770 3557 in
1803 3496 2033 3558 urbem.

499 3578 784 3642 Canidiae
814 3580 1050 3658 denteS‚
1080 3583 1266 3644 altum
1299 3579 1576 3663 Saganae
1608 3580 1977 3644 caliendrum

497 3664 794 3727 Excidere
826 3672 1007 3748 atque
1039 3667 1254 3730 herbas
1283 3674 1465 3749 atque
1496 3667 1802 3730 incantata
1827 3664 2097 3734 lacertis,

497 3747 760 3814 Vincula
812 3771 947 3814 cum
975 3772 1192 3834 magno
1221 3751 1462 3835 risuque
1482 3753 1742 3837 jocoque
1773 3751 2031 3816 videres.

2524 782 2597 829 15

2513 2919 2581 2966 40

2515 3347 2692 3412 45Ὶ
