2742 4417
985 357 1616 408 mB.11.EP18'1¹.11.

249 511 378 577 Hie
407 532 687 596 sponsum
715 517 914 604 vocat,
941 513 1041 576 hic
1073 511 1344 576 auditum
1373 511 1599 596 scripta
1624 512 1849 578 relictis

254 599 548 662 Omnibus
577 589 823 674 officiis3
867 600 1054 662 cubat
1078 598 1222 661 hic
1206 620 1270 660 m
1300 598 1449 660 colle
1482 597 1736 678 Quirini,

249 683 378 747 Hic
409 684 720 747 extremo
703 706 766 746 m
793 683 1123 762 Aventin0,
1153 682 1438 746 visendus
1466 689 1769 766 uterque;

250 769 584 835 Intervalla
613 769 782 832 vides
807 769 1068 832 humane
1099 757 1429 831 commoda.
1520 767 1756 832 Verum

248 854 458 916 Purae
485 860 628 917 sunt
654 855 914 937 plateae,
943 855 1091 918 nihil
1119 861 1190 917 ut
1215 852 1643 916 meditantibus
1674 854 1893 918 obstet.

251 939 530 1002 Festinat
557 939 788 1003 calidus
815 939 990 1002 mulis
1019 939 1364 1037 gerulisque
1395 937 1763 1020 redemptor,
1938 1009 1945 1014 ,

253 1025 524 1106 Torquet
549 1045 712 1088 nunc
741 1024 1235 1108 lapidem,nunc
1218 1044 1433 1106 ingens
1462 1024 1739 1088 machina
1766 1024 2024 1108 tignum,

251 1109 477 1172 Tristia
505 1110 764 1173 robustis
790 1111 1097 1173 luctantur
1124 1109 1342 1171 funera
1369 1109 1695 1192 plaustris,

251 1193 394 1259 Hac
425 1195 662 1258 rabiosa
688 1195 847 1277 fugit
874 1195 1064 1274 canis,
1085 1195 1200 1256 hac
1228 1195 1529 1256 lutulenta
1556 1195 1679 1257 ruit
1706 1213 1849 1258 sus.

251 1279 290 1342 I
321 1300 482 1342 nunc
513 1287 577 1343 et
603 1301 813 1343 versus
843 1287 1044 1343 tecum
1069 1279 1362 1342 meditare
1394 1299 1663 1342 canoros.

257 1363 633 1448 Scriptorum
664 1366 894 1428 chorus
909 1365 1097 1428 omnis
1126 1370 1289 1427 amat
1315 1383 1527 1426 nemus
1556 1371 1621 1426 et
1648 1363 1808 1447 fugit
1834 1365 2069 1448 urbem,

253 1387 437 1512 Ritep
431 1451 616 1514 cliens
644 1449 876 1514 Bacchi
903 1471 1106 1514 somno
1136 1447 1455 1532 gaudentis
1484 1455 1549 1511 et
1574 1449 1828 1514 umbra·

255 1536 352 1598 Tu
377 1557 477 1598 me
505 1536 665 1598 inter
691 1535 976 1619 strepitus
1008 1541 1330 1598 nocturnos
1360 1540 1543 1616 atque
1573 1534 1818 1598 diurnos

254 1621 373 1686 Vis
403 1641 621 1684 canere
652 1627 718 1684 et
743 1626 1056 1684 contracta
1083 1620 1254 1703 sequi
1283 1619 1541 1702 vestigia
1566 1618 1824 1683 vatum?

253 1705 580 1788 Ingenium
631 1705 743 1769 sibi
772 1705 934 1789 quod
961 1725 1186 1768 vacuas
1215 1704 1547 1804 desumpsit
1574 1704 1879 1792 Athenas,

253 1791 345 1854 Et
371 1791 584 1854 studiis
625 1811 786 1854 anno
828 1797 1061 1874 septem
1089 1790 1262 1853 dedit
1285 1789 1667 1888 insenuitque

253 1875 458 1940 Libris
487 1883 552 1940 et
580 1877 760 1955 curis,
789 1883 992 1940 statua
1020 1875 1377 1939 taciturnius
1407 1874 1531 1938 exit

255 1961 626 2045 Plerumque
657 1971 722 2024 et
748 1961 874 2024 risu
901 1961 1189 2046 populum
1215 1960 1449 2044 quatit.
1497 1959 1595 2023 hic
1630 1980 1744 2044 ego
1772 1981 1976 2026 rerum

253 2047 616 2112 Fluctibus
598 2069 662 2109 m
690 2047 902 2110 mediis
930 2053 994 2110 et
1021 2045 1477 2130 tempestatibus
1504 2045 1669 2109 urbis

254 2133 470 2195 Verba
498 2132 666 2216 lyrae
696 2139 932 2196 motura
959 2153 1170 2195 sonum
1199 2136 1555 2194 connectere
1585 2129 1891 2213 digner?

254 2217 480 2282 Erater
511 2224 647 2281 erat
676 2217 906 2280 Romae
937 2215 1195 2280 consulti
1223 2215 1453 2292 rhetor,
1482 2218 1555 2275 ut
1582 2215 1739 2280 alter

254 2303 536 2366 Alterius
565 2323 836 2366 sermone
864 2323 1061 2366 meros
1089 2301 1332 2366 audiret
1359 2302 1639 2381 honores,

259 2387 579 2452 Gracchus
603 2395 674 2451 ut
701 2387 797 2451 hic
827 2388 938 2470 illi,
969 2389 1128 2452 foret
1149 2388 1290 2451 huic
1319 2394 1393 2450 ut
1422 2385 1666 2450 Mucius
1694 2385 1820 2470 ille,

191 2515 216 2536 .
255 2472 382 2546 Qui
409 2474 606 2536 minus
634 2479 878 2556 argutos
909 2479 1089 2536 vexat
1116 2474 1285 2537 furor
1311 2473 1427 2536 iste
1456 2469 1719 2555 poetas?

257 2557 548 2621 Carmina
575 2579 881 2642 compono,
910 2558 1009 2622 hic
1039 2560 1263 2640 elegos.
1298 2561 1338 2594 ‘⁴
1352 2557 1631 2620 Mirabile
1662 2556 1795 2620 visu

257 2643 698 2726 caelatumque
727 2665 942 2706 novem
973 2643 1166 2708 Musis
1195 2663 1386 2727 opus.
1371 2643 1385 2690 ⁸
1408 2641 1451 2674 ”
1475 2641 1745 2725 Adspice
1776 2641 2054 2724 primum,

257 2727 504 2802 Quanto
533 2750 672 2792 cum
699 2729 882 2808 fastu,
912 2737 1136 2812 quanto
1163 2728 1461 2792 molimine
1493 2728 1737 2791 circum·

259 2813 385 2898 Spe
389 2821 622 2878 ctemus
650 2835 900 2878 vacuam
930 2814 1214 2878 Romanis
1243 2813 1479 2876 vatibus
1508 2809 1761 2876 aedem!

255 2899 409 2965 Mox
437 2900 643 2979 etiam,
671 2901 723 2962 si
750 2900 906 2981 forte
935 2920 1138 2978 vacas,
1169 2919 1423 2982 sequere
1454 2905 1519 2962 et
1547 2898 1753 2982 procul
1782 2895 1948 2977 audi,

257 2985 423 3064 Quid
451 2987 612 3048 ferat
641 2991 704 3048 et
731 3005 918 3068 quare
948 2985 1060 3048 sibi
1085 2991 1292 3048 nectat
1318 2991 1576 3083 uterque
1607 3002 1905 3047 coronam.

257 3070 588 3136 Caedimur
641 3078 704 3134 et
731 3071 980 3133 totidem
1009 3070 1202 3154 plagis
1231 3069 1631 3132 consumimus
1659 3069 1892 3132 hostem

255 3156 454 3220 Lento
490 3155 790 3220 Samnites
821 3155 902 3218 ad
928 3156 1156 3218 lumina
1182 3155 1375 3238 prima
1404 3154 1625 3216 duello.

259 3241 524 3306 Discedo
551 3242 820 3305 Alcaeus
847 3247 1071 3325 puncto
1099 3241 1302 3316 illius3
1346 3239 1447 3302 ille
1476 3257 1609 3302 meo
1640 3235 1825 3337 quis?

259 3325 410 3400 Quis
462 3327 580 3390 nisi
608 3325 1061 3390 Callimachus?
1088 3323 1158 3390 Si
1187 3326 1322 3409 plus
1351 3324 1681 3407 adposcere
1712 3321 1899 3403 visus,

257 3412 361 3475 Fit
392 3412 812 3492 Mimnermus,
839 3419 903 3474 et
929 3412 1130 3495 optivo
1159 3410 1509 3492 cognomine
1540 3408 1777 3475 crescit.

257 3495 464 3560 Multa
489 3497 620 3559 fero
673 3504 742 3559 ut
772 3497 1002 3580 placem
1033 3517 1225 3578 genus
1255 3495 1543 3558 irritabile
1574 3499 1805 3574 vatum,

261 3581 418 3645 Cum
445 3582 642 3645 scribo
671 3589 734 3644 et
761 3582 1012 3665 supplex
1041 3581 1243 3665 populi
1273 3579 1559 3662 suffragia
1587 3587 1805 3664 capto·
1788 3622 1807 3657 ,

259 3667 457 3748 Idem,
485 3667 670 3730 finitis
697 3667 909 3730 studiis
940 3673 1003 3729 et
1030 3673 1232 3730 mente
1263 3671 1531 3749 recepta,

261 3753 556 3820 obturem
583 3751 864 3836 'patulas
849 3773 1092 3836 impune
1121 3752 1461 3835 legentibus
1492 3769 1690 3813 aureS.

267 3838 562 3902 Ridentur
587 3839 748 3902 mala
777 3839 880 3923 qui
910 3845 1272 3930 componunt
1300 3837 1607 3914 carmina3
1652 3853 1863 3900 verum

2205 343 2333 410 219

2262 791 2327 840 70

2240 3339 2339 3390 100

2244 3764 2339 3814 105
