2742 4417
1028 347 1157 394 ΗΒ.
1205 347 1251 393 1.
1302 345 1437 394 SAT.
1485 348 1550 395 x.
2201 334 2320 403 151

244 504 622 587 Scripturas,
652 524 848 587 neque
904 510 964 567 te
993 511 1063 567 ut
1092 505 1342 567 miretur
1372 507 1548 569 turba
1597 508 1851 589 laboreS,

241 589 580 653 Contentus
612 591 815 671 paucis
845 591 1187 652 lectoribuS.
1277 591 1382 652 An
1412 599 1518 654 tua
1547 593 1792 658 demens

236 675 483 739 Vilibus
512 676 575 737 in
604 675 760 736 ludis
793 675 1007 737 dictari
1038 676 1301 737 carmina
1329 677 1546 739 malis?
1579 666 1596 683 ⁶
1925 722 1930 727 -
2258 705 2322 753 ⁷5

234 760 381 823 Non
416 782 563 844 ego:
611 781 752 822 nam
781 761 925 823 satis
954 769 1046 823 est
1076 761 1339 842 equitem
1367 764 1509 823 mihi
1541 764 1846 846 plaudere,
1877 773 1947 830 ut
1975 768 2174 833 audax

234 845 575 909 Contemtis
606 846 736 908 aliis
768 848 1008 931 explosa
1036 846 1381 909 Arbuscula
1409 847 1577 910 dixit.

230 930 389 995 Men
445 939 681 994 moveat
713 932 907 994 cimex
939 932 1254 1009 Pantilius,
1285 938 1391 993 aut
1425 934 1655 996 cruciet
1683 935 1845 1018 quod

230 1018 505 1081 Vellicet
533 1018 845 1079 absentem
875 1017 1243 1095 DemetriuS,
1274 1020 1381 1079 au't
1411 1018 1568 1100 quod
1600 1020 1838 1103 ineptus

150 1114 161 1126 '
226 1102 505 1166 Fannius
529 1102 934 1184 Hermogenis
963 1102 1164 1165 laedat
1198 1102 1447 1165 conviva
1477 1103 1689 1186 Tigelli
1714 1104 1741 1168 ⁶?
1979 1112 1989 1122 '
2253 1134 2316 1182 ω

227 1188 469 1252 Plotius
500 1195 565 1251 et
591 1186 841 1266 VariuS,
872 1187 1198 1250 Maecenas
1228 1186 1663 1272 Virgiliusque,

227 1275 495 1357 Valgius
526 1280 591 1336 et
619 1273 831 1356 probet
858 1273 1008 1337 haec
1042 1272 1330 1335 Octavius
1360 1274 1615 1355 optimus
1646 1282 1827 1359 atque

224 1359 492 1438 FuscuS,
526 1359 768 1422 elz-haec
799 1358 1027 1421 utinam
1056 1358 1378 1421 Viscorum
1405 1359 1612 1423 laudet
1644 1364 1936 1446 uterque!

222 1446 579 1508 Ambitione
613 1444 883 1526 relegat-a
914 1451 972 1505 te
1004 1444 1502 1525 dicere'possum,

224 1529 447 1607 Pollio,
478 1539 565 1608 te,
596 1529 882 1606 Messala,
914 1536 1015 1591 tuo
1046 1549 1183 1591 cum
1212 1529 1422 1607 fratre,
1454 1530 1746 1613 simulque
2245 1560 2309 1607 ⁸5

222 1617 383 1694 Vos,
414 1616 620 1695 Bibuli
650 1622 714 1677 et
747 1613 943 1693 Servi,
973 1614 1146 1676 simul
1172 1614 1265 1676 his
1296 1620 1380 1693 te,
1411 1615 1662 1679 candide
1693 1616 1907 1699 Furni,

220 1701 584 1783 Complures
614 1700 783 1777 alios,
815 1699 1019 1762 doctos
1051 1721 1163 1781 ego
1190 1720 1337 1781 quos
1375 1707 1440 1761 et
1467 1701 1687 1764 amicos
1743 1780 1748 1785 ι

217 1787 511 1849 Prudens
542 1794 889 1869 praetorem
935 1785 1149 1867 quibus
1179 1785 1352 1863 haec,
1384 1786 1502 1847 sint
1531 1788 2004 1876 qualiacunque,

214 1873 523 1935 Arridere
554 1872 755 1948 velim,
784 1870 1075 1933 doliturus
1127 1870 1178 1933 si
1208 1871 1488 1954 placeant
1515 1892 1620 1954 spe

214 1958 515 2021 Deterius
547 1966 772 2019 nostra.
863 1955 1160 2034 Demetri,
1191 1963 1397 2039 teque,
1430 1956 1666 2039 Tigelli,
2239 1982 2307 2034 90

212 2042 673 2125 Discipularum
702 2042 860 2103 inter
876 2042 1064 2124 jubeo
1099 2042 1330 2123 plorare
1362 2043 1699 2106 cathedras.
1803 2064 1812 2069 ·

213 2127 271 2209 1,
304 2150 485 2215 puer,
516 2135 701 2212 atque
732 2147 865 2189 meo
895 2128 1049 2191 citus
1078 2126 1227 2191 haec
1257 2127 1566 2191 subscribe
1594 2128 1813 2193 libello.
