2742 4417
1259 345 1268 354 ⁶
1310 335 1662 384 CARMINUM

960 489 1291 574 Utcunque
1323 491 1601 555 defecere
1630 511 1827 554 mores

1045 577 1413 640 Indecorant
1438 577 1593 639 bene
1622 583 1767 639 nata
1794 576 2029 661 culpae.

853 661 1032 736 'Quid
1063 662 1305 735 debeas3
1336 684 1371 725 o
1402 661 1617 740 Roma,
1646 661 2010 740 Neronibus,

731 839 736 844 .
871 748 1067 812 Testis
1096 747 1443 811 Metaurum
1472 747 1695 810 flumen
1746 755 1810 810 et
1838 747 2186 812 Hasdrubal

954 834 1248 897 Devictus
1296 841 1360 896 et
1388 834 1639 915 pulcher
1668 833 1891 915 fugatis

1043 918 1158 981 Ille
1191 918 1318 980 dies
1348 917 1523 981 Latio
1553 918 1814 982 tenebris

868 1003 987 1078 Qui
1015 1005 1240 1086 primus
1266 1005 1428 1066 >alma
1456 1003 1587 1065 risit
1616 996 1859 1080 adorea,

779 1171 792 1186 .
869 1090 1056 1154 Dia-us
1085 1109 1194 1171 per
1223 1089 1405 1150 urbes
1431 1087 1591 1150 Afer
1617 1095 1687 1149 ut
1728 1087 1917 1151 Italas

956 1172 1086 1237 Ceu
1114 1175 1352 1235 flamma
1381 1193 1493 1256 per
1519 1173 1857 1237 taedas-vel
1888 1173 2090 1238 Eurus

1041 1258 1166 1321 Per
1198 1255 1430 1322 Siculas
1460 1259 1751 1342 equitavit
1788 1259 2002 1322 undas.

869 1343 1019 1408 Post
1045 1344 1158 1408 hoc
1184 1343 1469 1408 secundis
1496 1364 1687 1428 usque
1716 1341 2018 1409 laboribus

867 1431 1142 1496 Romana.
1168 1430 1359 1514 pubes
1400 1431 1592 1494 crevit
1642 1437 1705 1493 et
1736 1427 1917 1516 impio

950 1515 1211 1581 Vastata
1240 1515 1580 1579 Poenorum
1610 1513 1872 1581 tumultu

1035 1602 1206 1665 Fana
1233 1601 1380 1664 deos
1408 1602 1672 1664 habuere
1702 1611 1899 1664 rectos
1930 1615 1948 1671 3

862 1687 1152 1770 Dixitque
1185 1687 1428 1750 tandem
1457 1687 1720 1770 perfidus
1750 1683 2097 1750 Hannibal}

863 1773 1043 1838 Cervi
1094 1774 1368 1856 luporum
1401 1772 1631 1854 praeda
1660 1771 1968 1856 rapacium

949 1857 1268 1922 Sectamur
1295 1858 1454 1918 ultro
1506 1877 1655 1940 quos
1684 1857 1917 1942 opimus

1029 1943 1266 2005 Fallere
1297 1949 1363 2004 et
1395 1941 1659 2024 effugere
1690 1948 1783 2006 est
1810 1941 2166 2026 triumphus.

860 2027 1027 2092 Gens
1075 2047 1235 2110 quae
1265 2033 1531 2090 cremato
1560 2027 1729 2090 fortis
1760 2027 1836 2090 ab
1866 2027 1983 2090 Ilio

857 2110 902 2176 J
906 2118 1108 2176 actata
1135 2111 1346 2174 Tuscis
1378 2113 1735 2196 aequoribus
1784 2130 1961 2176 sacra

943 2197 1009 2261 N
1011 2204 1259 2280 atosque
1285 2205 1675 2281 maturosque
1706 2207 1911 2282 patres

1031 2283 1294 2345 Pertulit
1320 2284 1625 2346 Ausonias
1652 2283 1732 2347 ad
1758 2283 1965 2364 urbes,

858 2368 1044 2435 Duris
1073 2375 1146 2432 ut
1173 2367 1292 2432 ilex
1321 2375 1495 2432 tonsa
1523 2369 1877 2452 bipennibus
2010 2415 2019 2420 -

851 2455 1084 2537 Nigrae
1111 2455 1302 2518 feraci
1330 2455 1557 2518 frondis
1586 2455 1648 2518 in
1675 2455 1923 2538 Algido,

939 2541 1062 2604 Per
1091 2540 1330 2620 damna,
1358 2561 1473 2625 per
1500 2540 1741 2620 caedes,
1760 2541 1848 2604 ab
1876 2541 2007 2624 ipso

1021 2625 1212 2690 Ducit
1237 2648 1385 2710 opes
1412 2626 1792 2709 animamque
1812 2627 2005 2688 ferro·
2118 2691 2127 2698 ,

859 2710 1004 2773 Non
1041 2711 1252 2794 -hydra
1279 2718 1447 2774 secto
1476 2732 1721 2794 corpore
1750 2711 1976 2772 firmior

852 2795 1036 2861 Vinci
1049 2797 1364 2860 -dolentem
1396 2798 1587 2859 crevit
1614 2797 1677 2858 in
1706 2793 2061 2875 Herculem,

937 2880 1351 2943 Monstrumve
1380 2881 1707 2943 submisere
1742 2880 1950 2944 Colchi

1017 2963 1220 3028 Maius
1250 2964 1653 3028 Echioniaeve
1685 2963 1949 3028 Thebae.
2016 2969 2025 2978 ’

848 3047 1086 3112 Mei-ses
1114 3049 1432 3133 profundo,
1462 3050 1765 3133 pulchrior
1795 3048 2043 3114 evenitz

780 3149 794 3162 ·
852 3134 1138 3212 Luctere,
1165 3136 1355 3197 multa
1384 3143 1631 3218 proruet
1656 3136 1961 3219 integrum

939 3219 1092 3283 Oum
1121 3220 1298 3282 laude
1331 3221 1617 3284 victorem
1670 3231 1963 3306 geretque

1019 3304 1257 3368 'Proelia
1272 3306 1636 3390 conjugibus
1663 3307 1983 3390 loquenda.

765 3403 770 3408 ’
837 3387 1202 3474 Karthagini
1222 3391 1352 3475 jam
1382 3411 1501 3454 non
1531 3413 1645 3474 ego
1672 3394 1913 3456 nuntios

848 3475 1094 3540 Mittam
1124 3475 1451 3560 superbosz
1542 3477 1784 3554 octidit,
1820 3477 2041 3542 occilit

938 3560 1090 3646 Spes
1119 3562 1307 3626 omnis
1340 3569 1405 3625 et
1424 3562 1673 3626 -fortuna
1700 3564 1887 3628 nostri

1021 3648 1296 3711 Nominis
1348 3648 1731 3712 Hasdrubale
1762 3650 2140 3731 interempto,

846 3729 954 3793 Nil
985 3731 1272 3796 Claudiae
1302 3753 1419 3796 non
1450 3734 1762 3817 perficient
1788 3753 2021 3811 manus,

850 3814 1016 3888 Quas
1043 3826 1108 3881 et
1132 3818 1389 3900 benigno
1419 3819 1659 3887 numine
1688 3818 1733 3882 J
1738 3820 1977 3902 uppiter

2458 940 2525 989 4⁰

2454 1363 2520 1412 45

2435 3495 2497 3544 ⁷0
