2742 4417
1060 434 1181 482 Ans
1224 436 1514 483 Pon‘rmA.
2204 424 2326 489 231

248 588 309 651 N
310 610 391 651 on
420 588 574 652 alius
602 588 835 652 faceret
861 587 1109 651 meliora
1138 592 1432 672 poemata.
1476 587 1712 654 Verum

246 674 355 738 Nil
384 674 540 737 tanti
570 682 682 738 est.
774 674 941 757 Ergo
968 674 1191 757 fungar
1218 676 1351 739 vice
1384 676 1554 756 cotiS‚
1584 682 1830 739 acutum

245 760 533 823 Reddere
564 780 719 843 quae
749 759 979 822 ferrum
1006 762 1170 823 valet
1198 782 1402 824 exsors
1430 762 1562 845 ipsa
1589 762 1835 825 secandi
1859 782 1878 841 3
2235 784 2330 833 305

244 845 475 909 Munus
507 854 570 908 et
598 846 874 925 officium,
903 846 989 907 nil
1016 846 1283 910 scribens
1312 847 1442 929 ipse
1496 847 1742 927 docebo,

243 930 429 993 Unde
458 938 753 1014 parentur
781 951 945 1013 opeS,
977 931 1123 1014 quid
1152 933 1278 995 alat
1302 932 1639 1015 formetque
1671 935 1948 1016 poetam3

244 1015 407 1089 Quid
438 1016 659 1081 deceat
710 1016 854 1100 quid
884 1036 1033 1096 non;·
1058 1038 1175 1100 quo
1204 1018 1417 1096 virtus,
1448 1038 1566 1101 quo
1595 1019 1756 1081 ferat
1783 1040 1970 1082 error.

246 1100 567 1165 Scribendi
592 1108 761 1166 recte
790 1123 1001 1185 sapere
1032 1109 1129 1165 est
1155 1108 1219 1166 et
1247 1103 1604 1187 principium
1633 1110 1697 1167 et
1723 1104 1858 1168 fons
1884 1126 1901 1168 ε

242 1186 401 1251 Rem
431 1188 540 1250 tibi
574 1185 916 1251 Socraticae
948 1194 1231 1271 poterunt
1258 1189 1576 1252 ostendere
1605 1190 1876 1270 chartae,
2235 1210 2331 1258 310

243 1271 574 1357 Verbaque
604 1274 900 1357 provisam
929 1294 1059 1335 rem
1084 1294 1205 1336 non
1232 1274 1424 1338 invita
1455 1282 1806 1357 sequentur.

245 1357 364 1431 Qui
394 1358 607 1422 didicit
651 1359 881 1442 patriae
913 1358 1057 1442 quid
1088 1358 1309 1422 debeat
1358 1365 1424 1423 et
1451 1359 1597 1443 quid
1627 1361 1855 1441 amicis,

246 1442 378 1516 Quo
408 1444 491 1507 sit
518 1466 718 1507 amore
747 1464 988 1527 parenS,
1019 1464 1139 1527 quo
1168 1446 1358 1507 frater
1387 1444 1677 1509 amandus
1707 1453 1770 1509 et
1797 1446 2037 1531 hospeS,

248 1528 423 1603 Quod
452 1530 533 1593 sit
560 1530 901 1613 conscripti,
932 1530 1094 1612 quod
1113 1530 1337 1613 judicis
1366 1530 1644 1610 officium,
1671 1551 1830 1616 quae

242 1614 464 1680 Partes
493 1616 556 1679 in
584 1616 807 1679 bellum
836 1615 999 1678 missi
1026 1614 1222 1697 ducis,
1249 1616 1352 1680 ille
1383 1616 1658 1701 profecto
2233 1638 2329 1687 315

242 1700 529 1765 Reddere
558 1721 848 1785 personae
878 1701 994 1764 scit
1024 1702 1440 1765 convenientia
1472 1702 1712 1785 cuique.
2025 1726 2030 1732 ·

241 1786 574 1870 Respicere
610 1787 914 1869 exemplar
942 1786 1103 1849 vitae
1132 1808 1482 1871 morumque
1503 1788 1731 1872 jubebo

241 1872 511 1935 Doctum
540 1872 900 1936 imitatorem
954 1878 1018 1935 et
1046 1872 1213 1935 vivas
1242 1872 1382 1935 hinc
1413 1872 1636 1936 ducere
1669 1892 1868 1938 voces.
1973 1918 1978 1921 -

240 1956 564 2021 Interdum
592 1958 861 2041 speciosa
888 1958 1034 2021 locis
1064 1964 1412 2042 morataque
1443 1965 1610 2022 recte

239 2042 479 2107 Fabula
532 2044 753 2107 nullius
782 2044 1039 2124 veneriS‚
1069 2044 1197 2107 sine
1227 2044 1490 2127 pondere
1521 2050 1586 2107 et
1613 2050 1768 2124 arte,
2234 2066 2330 2115 320

239 2128 504 2193 Valdius
534 2128 794 2193 oblectat
822 2130 1106 2213 populum
1133 2130 1466 2212 meliusque
1493 2136 1763 2193 moratur

242 2212 443 2287 Quam
472 2236 681 2280 versus
708 2216 915 2298 inopes
945 2236 1147 2277 rerum
1174 2234 1496 2299 nugaeque
1527 2235 1806 2279 canorae.

242 2299 447 2364 Graiis
476 2300 805 2385 ingenium,
840 2299 1039 2364 Graiis
1069 2300 1239 2363 dedit
1266 2322 1369 2364 ore
1402 2301 1658 2365 rotundo

238 2384 426 2450 Musa
453 2386 640 2470 loqui,
668 2392 912 2469 praeter
937 2386 1180 2449 laudem
1206 2386 1428 2449 nullius
1458 2387 1675 2450 avaris·

238 2471 502 2535 Romani
532 2472 705 2555 pueri
731 2472 924 2554 longis
954 2472 1280 2535 rationibus
1311 2492 1508 2535 assem
2230 2490 2328 2539 325

238 2556 507 2621 Discunt
534 2559 599 2620 in
626 2564 828 2641 partes
858 2563 1101 2621 centum
1130 2558 1437 2621 diducere.
1455 2616 1460 2621 .
1477 2555 1713 2619 “Dicat

237 2642 435 2706 Filius
464 2644 713 2706 Albini:
742 2642 814 2706 Si
844 2642 920 2705 de
947 2644 1283 2725 quincunce
1313 2647 1545 2705 remota
1573 2647 1667 2703 est

238 2728 469 2808 Uncia,
501 2728 647 2811 quid
676 2727 973 2812 superat?
1058 2728 1312 2792 Poteras
1341 2725 1630 2791 dixisse.’'
1678 2727 1719 2762 “
1747 2724 2024 2791 Triens.''
2072 2728 2114 2765 “
2143 2723 2285 2791 Eu!

236 2814 403 2877 Rem
430 2814 656 2898 poteris
685 2833 928 2877 servare
957 2819 1143 2876 tuam.
1232 2814 1422 2877 Redit
1449 2812 1648 2891 uncia,
1677 2809 1824 2895 quid
1849 2812 1920 2874 fit
1939 2810 2022 2875 ‘2³’

241 2904 287 2937 ‘⁶
319 2898 582 2963 Semis.'’
655 2898 748 2962 At
776 2898 928 2962 haec
960 2898 1187 2962 animos
1217 2920 1446 2985 aerugo
1477 2906 1542 2962 et
1572 2919 1722 2962 cura
1750 2897 1952 2982 peculi
2233 2912 2328 2963 33⁰

241 2984 399 3048 Cum
430 2986 615 3048 semel
646 2984 947 3064 imbuerit,
980 3004 1299 3067 speramus.
1320 2984 1586 3053 ,carmina
1613 2981 1761 3065 fingi
2159 2986 2186 3011 ⁰

237 3070 431 3133 Posse
459 3069 706 3134 linenda
734 3069 916 3133 cedro
946 3075 1009 3132 et
1037 3070 1158 3133 levi
1186 3069 1488 3133 servanda
1514 3065 1850 3151 cupresso?

235 3157 377 3219 Aut
405 3154 689 3239 prodesse
721 3156 950 3234 volunt,
981 3162 1088 3217 aut
1118 3154 1421 3218 delectare
1451 3156 1689 3238 poetae,

238 3242 377 3304 Aut
404 3242 581 3304 simul
612 3248 675 3305 et
692 3240 968 3325 jucunda
997 3248 1060 3303 et
1087 3239 1304 3303 idonea
1333 3240 1534 3304 dicere
1567 3240 1750 3302 vitae.

240 3326 549 3410 Quidquid
576 3327 913 3411 praeeipi‘es
966 3332 1094 3389 esto
1121 3326 1342 3404 brevis,
1371 3332 1444 3388 ut
1471 3326 1590 3388 cito
1620 3324 1786 3388 dicta
2234 3340 2330 3389 335

239 3412 596 3495 Percipiant
624 3412 806 3475 animi
836 3411 1059 3475 dociles
1088 3418 1456 3493 teneantque
1485 3410 1696 3472 fideles
1721 3430 1737 3471 ε

242 3496 442 3561 Omne
472 3518 913 3581 supervacuum
942 3497 1119 3580 pleno
1150 3497 1225 3559 de
1257 3501 1501 3580 pectore
1529 3500 1753 3557 manat.

235 3582 421 3647 Ficta
448 3583 772 3667 voluptatis
803 3602 987 3645 causa
1016 3582 1135 3645 sint
1163 3582 1432 3666 proxima
1460 3579 1640 3657 veriS‚

236 3668 378 3731 Nec
411 3668 817 3751 quodcunque
860 3668 1023 3731 volet
1074 3674 1282 3750 poscat
1311 3666 1422 3730 sibi
1452 3664 1657 3727 fabula
1685 3661 1874 3740 credi,

236 3752 307 3815 N
306 3772 387 3816 eu
417 3774 673 3837 pransae
706 3752 949 3816 Lamiae
981 3752 1185 3815 vivum
1212 3764 1466 3835 puerum·
1499 3749 1779 3813 extrahat
1806 3748 1961 3812 alvo.
2233 3766 2328 3815 340

238 3837 571 3903 Centuriae
600 3838 901 3903 seniorum
930 3838 1163 3920 agitant
1192 3837 1464 3920 expertia
1491 3834 1708 3919 frugiS,

240 3923 406 3989 Celsi
436 3930 827 4011 praetereunt
856 3932 1099 3987 austera
1126 3928 1410 4007 poemata
1438 3922 1742 3986 Ramnes:
