2742 4417
1002 335 1132 381 LIB.
1179 335 1228 382 1.
1278 335 1481 382 EPIST.
1530 337 1624 383 XI.

227 487 546 552 liutatae
577 491 870 572 quassent.
963 487 1030 552 Si
1061 490 1206 573 quid
1235 490 1530 553 mirabere
1583 511 1769 573 pones

231 574 522 638 Invitus.
613 575 786 657 Fuge
818 595 1078 657 magna;
1088 577 1268 639 licet
1296 577 1407 638 sub
1436 597 1701 659 paupere
1732 583 1895 642 tecto
2006 592 2014 601 ·

229 661 472 743 Reges
503 667 564 722 et
592 682 802 744 regum
835 661 960 723 vita
987 683 1379 744 praecurrere
1422 662 1663 724 amicoS.

239 745 504 809 Cervus
538 767 757 828 equum
788 768 994 830 pugna
1022 748 1230 810 melior
1257 747 1667 826 communibus
1695 747 1897 812 herbis

229 832 562 910 Pellebat,
594 833 782 895 donec
815 833 1008 895 minor
1037 832 1100 895 in
1129 815 1455 896 certamine
1485 834 1665 916 longo

231 918 616 1000 Imploravit
645 939 788 1001 opes
816 917 1066 980 hominis
1097 918 1463 1001 frenumque
1486 919 1755 1002 recepit;

237 1003 386 1066 Sed
423 1012 736 1086 postquam
767 1003 960 1066 victor
988 1004 1212 1066 violens
1243 1004 1518 1067 discessit
1546 1005 1621 1066 ab
1650 1005 1823 1069 hoste

229 1088 404 1152 Non
438 1090 698 1171 equitem
730 1089 927 1168 dorso,
958 1111 1074 1151 non
1105 1090 1344 1154 frenum
1373 1089 1607 1172 depulit
1634 1111 1758 1154 ore.

235 1173 360 1238 Sic
424 1175 525 1256 qui
554 1175 900 1258 pauperiem
932 1175 1158 1237 veritus
1189 1175 1415 1258 potiore
1447 1176 1703 1239 metallis

231 1258 570 1322 Libertate
601 1267 792 1338 caret,
823 1260 1124 1322 dominum
1158 1261 1320 1322 vehit
1347 1261 1649 1361 improbus
1680 1268 1865 1346 atque

241 1343 505 1408 Serviet
532 1354 864 1424 aeternum,
897 1346 1040 1428 quia
1067 1367 1252 1429 parvo
1281 1347 1511 1409 nesciet
1546 1347 1657 1410 uti.

237 1429 376 1493 Cui
413 1452 530 1492 non
559 1431 874 1493 conveniet
901 1452 1012 1494 sua
1039 1453 1161 1508 reS,
1197 1439 1266 1494 ut
1293 1433 1535 1494 calceus
1562 1433 1724 1511 olim,

239 1515 322 1579 Si
354 1515 517 1600 pede
547 1519 734 1601 major
763 1518 898 1594 erit,
930 1516 1259 1595 subvertet,
1289 1517 1340 1579 si
1370 1518 1563 1580 minor
1624 1525 1783 1581 uret.

233 1601 488 1665 Laetus
517 1611 674 1665 sorte
708 1609 813 1664 tua
843 1603 1006 1664 vives
1036 1604 1360 1685 sapienter,
1402 1603 1619 1682 Aristi,

233 1687 398 1751 Nec
429 1709 522 1750 me
553 1688 816 1751 dimittes
845 1689 1268 1770 incastigatum
1319 1689 1422 1751 ubi
1453 1690 1627 1771 plura

241 1773 496 1855 Cogere
550 1795 731 1857 quam
760 1774 903 1837 satis
935 1781 1029 1836 est
1080 1795 1152 1836 ac
1181 1796 1300 1836 non
1331 1795 1568 1837 cessare
1600 1773 1868 1838 videbor.

237 1859 530 1942 Imperat
557 1867 665 1922 aut
693 1861 879 1922 servit
908 1860 1160 1923 collecta
1189 1861 1443 1943 pecunia
1475 1861 1716 1943 cuique,

237 1946 508 2008 'I'ortum
537 1945 720 2028 digna
749 1946 922 2028 sequi
951 1946 1148 2029 potius
1178 1964 1356 2028 quam
1389 1945 1611 2008 ducere
1642 1946 1868 2009 funem.

237 2029 433 2094 Haec
460 2031 564 2093 tibi
593 2032 894 2094 dictabam
925 2039 1059 2113 post
1087 2031 1294 2094 fanum
1324 2038 1500 2118 putre
1530 2030 1848 2115 Vacunae,

241 2116 528 2241 Excepto
557 2117 720 2202 quod
747 2135 872 2180 non
896 2117 1072 2236 simul
1101 2137 1264 2180 esses
1289 2125 1539 2182 caetera
1561 2118 1778 2182 laetus.

882 2523 1705 2609 EPISTOLA'XI.

241 2718 422 2794 Qun)
435 2717 564 2780 tibi
591 2717 720 2780 visa
750 2715 952 2796 Chios,
979 2715 1228 2794 Bulla-ti,
1259 2722 1523 2800 notaque
1554 2715 1803 2794 Lesbos,

240 2803 410 2878 Quid
441 2805 732 2866 concinna
763 2802 996 2881 SamoS,
1028 2802 1174 2885 quid
1205 2765 1413 2865 Croesi
1442 2803 1612 2885 regia
1644 2801 1887 2882 Sardes,

243 2890 516 2974 Smyrna
543 2888 688 2972 quid
719 2897 783 2952 et
813 2887 1166 2972 Colophon?
1202 2887 1441 2972 Majora
1466 2889 1771 2953 minorave
1802 2889 1980 2968 fama,

241 2975 565 3040 Cunctane
575 2996 740 3073 ‘prae
777 2973 1003 3058 Campo
1033 2981 1096 3037 et
1124 2973 1406 3037 Tiberino
1434 2975 1675 3038 flumine
1708 2969 2005 3039 sordent?

237 3063 353 3126 An
377 3061 547 3124 venit
574 3061 637 3122 in
665 3067 868 3124 votum
896 3060 1180 3123 Attalicis
1213 3081 1288 3122 ex
1300 3060 1562 3123 urbibus
1592 3082 1735 3139 una,

235 3148 352 3211 An
380 3146 691 3209 Lebedum
721 3146 932 3208 laudas
961 3142 1096 3208 odio
1125 3145 1306 3207 maris
1337 3152 1518 3229 atque
1549 3145 1833 3210 viarum?

241 3233 382 3296 Scis
436 3231 713 3295 Lebedus
745 3229 890 3315 quid
917 3232 1032 3294 sit:
1083 3230 1290 3310 Gabiis
1321 3231 1613 3294 desertior
1652 3240 1835 3316 atque

235 3318 490 3382 Fidenis
521 3317 726 3392 νίοιιε,
712 3337 726 3351 ·
774 3325 973 3379 tamen
1003 3317 1124 3379 illic
1155 3317 1356 3380 vivere
1389 3318 1626 3398 vellem,

238 3403 605 3488 Oblitusque
631 3425 897 3466 meorum
925 3402 1360 3466 obliviscendus
1390 3410 1455 3466 et
1482 3403 1597 3466 illis

235 3489 601 3574 Neptunum
629 3490 837 3574 procul
867 3509 900 3552 e
931 3496 1097 3552 terra
1124 3495 1421 3588 spectare·
1424 3489 1746 3552 furentem.

239 3575 372 3641 Sed
403 3596 604 3660 neque
635 3576 736 3658 qui
770 3573 984 3660 Capua
1013 3575 1270 3638 Romam
1301 3574 1457 3658 petit
1484 3575 1675 3638 imbre
1706 3575 1955 3658 lutoque

236 3663 590 3746 Adspersus
620 3662 823 3725 volet
809 3685 873 3724 m
903 3682 1175 3745 caupona
1207 3661 1450 3738 vivere3
1495 3681 1633 3740 nec,
1664 3661 1769 3744 qui

235 3748 461 3833 Frigus
491 3739 736 3832 collegit
785 3747 991 3810 furnos
1022 3755 1086 3810 et
1111 3748 1328 3810 balnea
1355 3747 1565 3810 laudat

235 3833 334 3898 Ut
359 3835 730 3900 fortunatam
759 3835 936 3919 plene
967 3834 1336 3916 praestantia
1364 3834 1569 3897 vitam.

2228 311 2367 384 195-

2284 1285 2349 1334 40

2271 3509 2327 3559 10
