2742 4417
1293 402 1640 453 GARMIRUM

765 555 1025 620 Milesne
1059 553 1262 619 Crassi
1291 557 1547 641 conjuge
1575 557 1833 622 barbara

763 642 981 726 Turpis
1011 641 1258 707 maritus
1289 643 1438 705 vixit
1490 650 1554 705 et
1576 643 1969 724 hostium?-

849 726 973 791 Pro
1001 727 1170 790 curia
1193 727 1537 811 inversique
1567 749 1762 792 mores
1782 728 1891 794 !-··

934 811 1264 875 Consenuit
1291 833 1633 877 socerorum
1660 814 1723 876 in
1744 814 1937 879 armis

762 894 890 961 Sub
917 918 1064 980 rege
1094 897 1282 961 Medo
1332 898 1581 962 Marsus
1606 906 1669 961 et
1696 898 1962 983 Apulus,

760 982 1137 1048 Anciliorum
1167 990 1230 1046 et
1257 984 1514 1065 pominis
1540 991 1604 1047 et
1630 991 1815 1067 togae

849 1066 1086 1132 Oblitus
1117 1076 1523 1152 aeternaeque
1550 1068 1805 1149 Vestae,

933 1152 1226 1217 Incolumi
1253 1154 1415 1218 Jove
1442 1161 1505 1218 et
1532 1155 1681 1218 urbe
1711 1155 1907 1218 Roma
1929 1151 1987 1217 ‘3-

761 1238 901 1304 Hoc
934 1246 1378 1303 caverat-mens
1406 1240 1659 1323 provida
1686 1240 1914 1324 Reguli

758 1324 1182 1390 Dissentientis
1213 1323 1665 1389 condicionibus

844 1409 1065 1475 Foedis
1116 1417 1182 1473 et
1207 1412 1481 1495 exemplo
1509 1408 1807 1476 trahentis

926 1494 1263 1559 Perniciem
1293 1496 1541 1559 veniens
1567 1494 1632 1558 ih
1660 1516 1901 1577 aevum,

764 1578 831 1644 Si
858 1602 978 1644 non
1008 1582 1233 1665 periret
1260 1581 1693 1645 immiserabilis

757 1664 1014 1750 Captiva
1039 1667 1250 1750 pubes.
1265 1664 1290 1723 C
1306 1659 1325 1703 Ε
1343 1666 1534 1751 Signa
1562 1688 1676 1750 ego
1704 1664 1953 1731 Punicis

838 1750 1058 1818 Adfixa
1072 1751 1335 1815 delubris
1388 1761 1453 1815 et
1481 1773 1648 1815 arma

927 1836 1221 1902 Militibus
1250 1838 1379 1900 sine
1410 1838 1618 1917 caede,
1653 1836 1828 1919 dixit,

754 1921 1030 2006 Derepta
1059 1922 1212 1999 vidi3
1233 1922 1356 1985 vidi
1386 1944 1501 2006 ego
1530 1923 1749 1987 civium

752 2007 1010 2072 Retorta
1039 2014 1211 2090 tergo
1238 2008 1487 2072 brachia
1511 2009 1701 2073 libero

687 2092 692 2097 ’
841 2091 1175 2176 Portssque
1205 2114 1324 2158 non
1353 2094 1587 2159 clausas
1640 2100 1703 2158 et
1730 2112 1878 2159 arva
1928 2126 1935 2132 ·

926 2178 1130 2241 Marte
1161 2179 1273 2243 coli
1303 2181 1587 2263 populata
1612 2187 1839 2245 nostro.
1924 2260 1929 2263 Ι

751 2262 927 2327 Auro
954 2285 1242 2347 repensus
1271 2266 1502 2329 scilicet
1530 2266 1726 2339 acrior

748 2348 932 2413 Miles
953 2350 1201 2427 redibit.
1288 2350 1554 2435 Flagitio
1580 2351 1799 2415 additis

834 2433 1175 2499 Damnum:
1222 2458 1424 2521 neque
1453 2437 1699 2501 amissos
1728 2437 1956 2501 colores

736 2524 743 2530 '
925 2520 1094 2585 Lana
1121 2522 1310 2585 refert
1329 2523 1634 2587 medicata
1660 2522 1823 2601 fuco,

749 2604 888 2669 Nec
917 2628 1063 2671 vera
1091 2608 1283 2671 virtus
1349 2630 1537 2691 quum
1559 2610 1753 2676 semel
1782 2604 2010 2672 excidit

751 2689 943 2754 Curat
971 2693 1180 2775 reponi
1208 2693 1623 2756 deterioribus.

835 2774 904 2841 Si
973 2784 1164 2860 ugnat
1191 2778 1485 2841 extricata
1514 2777 1713 2840 densis

924 2798 1122 2925 Serva
1148 2862 1342 2945 plagis
1404 2862 1521 2926 erit
1550 2862 1651 2925 ille
1672 2861 1847 2924 fortis

751 2943 872 3019 Qui
900 2946 1144 3029 perfidis
1173 2968 1238 3009 se
1269 2947 1529 3011 credidit
1554 2948 1844 3026 hostibus,

747 3029 834 3095 Et
862 3030 1065 3095 Marte
1096 3031 1330 3095 Poenos
1359 3039 1628 3116 proteret
1657 3033 1871 3113 altero,

837 3114 956 3189 Qui
983 3118 1112 3180 lora
1142 3118 1432 3199 restrictis
1460 3119 1701 3182 lacertis

920 3200 1123 3266 Sensit
1148 3203 1311 3266 iners
1362 3204 1681 3287 timuitque
1708 3208 1983 3268 mortem.

743 3286 870 3352 Hic
926 3288 1090 3353 unde
1135 3286 1322 3352 vitam
1367 3297 1635 3353 sumeret
1663 3287 1891 3353 inscius

747 3371 971 3436 Pacem
1005 3375 1206 3438 duello
1236 3376 1495 3438 miscuit.
1592 3373 1646 3439 Ο
1678 3370 1915 3461 pudor!

834 3457 889 3523 Ο
919 3480 1141 3541 magna
1158 3458 1499 3543 Karthag0‚
1529 3460 1827 3543 probrosis

751 3598 772 3617 .
915 3544 1118 3608 Altior
1147 3545 1360 3609 Italiae
1391 3546 1579 3608 ruinis
1604 3544 1621 3610 Ξ
1644 3540 1671 3591 3
1686 3542 1715 3591 ‘¹

742 3626 968 3693 Fertur
995 3631 1248 3715 pudicae
1279 3632 1549 3716 conjugis
1579 3630 1847 3693 osculum

743 3712 1094 3799 Parvosque
1124 3721 1295 3780 natos
1347 3723 1419 3779 ut
1448 3716 1659 3799 capitis
1688 3716 1881 3781 minor

827 3801 930 3865 Ab
961 3822 1026 3864 se
1049 3803 1369 3865 removisse
1426 3808 1490 3865 et
1520 3800 1749 3864 virilem

915 3885 1146 3949 Torvus
1174 3886 1338 3949 humi
1365 3886 1633 3970 posuisse
1664 3885 1937 3950 voltum:
1988 3894 2010 3968 ζ

2443 1004 2514 1055 10

2350 1476 2367 1489 ,
2441 1428 2557 1479 15-
