2742 4417
373 347 390 365 ·
450 323 572 387 188
649 295 664 310 ⁶
1263 340 1711 390 EPISTOLARUM

449 493 629 559 Mitte
658 496 824 557 leves
855 514 992 577 spes
1021 493 1084 557 et
1115 494 1445 557 certamina
1468 495 1810 558 divitiarum

452 581 535 643 Et
569 579 807 643 Moschi
844 601 1088 644 causam
1120 604 1135 642 :
1185 601 1318 644 cras
1347 590 1489 642 nato
1522 580 1782 644 Caesare
1813 582 2003 645 festus

449 667 576 730 Dat
605 667 847 739 veniam
870 688 1255 749 somnumque
1290 666 1419 728 dies
1446 687 1462 741 ;
1506 668 1746 750 impune
1777 669 2005 731 licebit.

451 753 764 816 Aestivam
795 773 1064 814 sermone
1094 753 1354 834 benigno
1384 753 1633 815 tendere
1670 765 1928 816 noctem.

453 837 584 912 Quo
616 838 756 901 mihi
787 839 1084 900 fortuna-m
1137 839 1189 902 si
1217 861 1336 901 non
1366 839 1714 902 conceditur
1742 838 1879 901 uti?

451 925 683 987 Parcus
712 924 786 986 ob
818 924 1056 986 heredis
1087 945 1289 986 curam
1319 925 1684 1006 nimiumque
1716 946 1960 988 severus

451 1011 703 1072 Assidet
731 1031 974 1085 insan03
1023 1016 1231 1092 potare
1265 1016 1328 1071 et
1355 1031 1641 1092 spargere
1674 1011 1847 1072 flores

375 1171 382 1178 .
452 1096 768 1178 Incipiam,
800 1097 1112 1178 patiarque
1146 1096 1241 1157 vel
1270 1095 1640 1158 inconsultus
1669 1095 1896 1158 haberi.

455 1181 614 1254 Quid
631 1203 763 1259 ‚non
794 1181 1052 1243 ebrietas
1083 1179 1360 1263 designat
1385 1179 1410 1243 ’ἓ
1436 1178 1667 1264 Operta
1696 1182 1975 1259 recludit,

459 1266 610 1349 Spes
633 1267 810 1348 jubet
839 1288 968 1328 esse
1000 1272 1184 1344 ratas,
1217 1266 1293 1328 ad
1323 1268 1550 1349 proelia
1578 1267 1767 1330 trudit
1795 1267 2090 1347 inertem3

459 1351 738 1414 Sollicitis
770 1352 979 1415 animis
1009 1373 1156 1414 onus
1187 1352 1412 1430 eximit,
1444 1352 1700 1415 addocet
1730 1362 1908 1416 artes„

453 1438 727 1501 Fecundi
757 1439 973 1500 calices
1004 1460 1183 1522 quem
1214 1460 1334 1500 non
1361 1439 1563 1502 fecere
1596 1437 1933 1502 disertum?

458 1525 783 1587 Contracta
813 1547 991 1608 quem
1022 1546 1138 1586 non
1168 1525 1230 1586 in
1260 1531 1617 1607 paupertate
1653 1523 1960 1588 solutum?

456 1611 629 1673 Haec
663 1632 775 1693 ego
805 1631 1128 1693 procurare
1160 1617 1223 1672 et
1250 1611 1501 1673 idoneus
1531 1611 1791 1694 imperor
1819 1619 1883 1673 et
1909 1631 2029 1674 non

456 1696 712 1775 Invitu5,
744 1717 820 1759 ne
851 1704 1026 1779 turpe
1057 1697 1232 1774 toral,
1263 1717 1339 1758 ne
1371 1696 1614 1759 sordida
1642 1719 1861 1780 mappa

459 1782 758 1863 Corruget
786 1803 986 1860 nareS,
1015 1804 1091 1845 ne
1121 1804 1240 1844 non
1271 1790 1334 1845 et
1364 1783 1685 1845 cantharus
1717 1791 1781 1846 et
1809 1784 1950 1846 lanx

461 1866 758 1931 Ostendat
787 1869 894 1930 tibi
927 1876 1010 1946 te,
1039 1889 1116 1930 ne
1146 1868 1297 1931 fidos
1327 1869 1485 1930 inter
1516 1869 1736 1931 amicos

462 1951 555 2016 Sit
585 1954 688 2036 qui
719 1953 881 2016 dicta
907 1955 1068 2016 foras
1099 1955 1386 2032 eliminet,
1414 1961 1483 2016 ut
1514 1956 1687 2017 coeat
1715 1976 1826 2054 par

457 2038 501 2101 J
505 2047 904 2122 ungaturque
915 2040 1066 2123 pari.
1157 2039 1414 2102 Butram
1446 2041 1553 2102 tibi
1587 2039 2061 2123 Septiciumque,

459 2124 543 2186 Et
570 2125 682 2186 nisi
714 2146 896 2188 coena
929 2125 1090 2209 prior
1119 2126 1428 2208 potiorque
1460 2127 1660 2209 puella
1708 2124 1995 2188 Sabinum

457 2209 729 2289 Detinet,
763 2231 1097 2286 assumam3
1142 2212 1308 2274 locus
1339 2219 1435 2274 est
1462 2219 1526 2274 et
1555 2213 1824 2295 pluribus
1862 2210 2126 2278 umbris.

462 2295 586 2358 Sed
614 2297 786 2359 nimis
818 2303 951 2360 arta
979 2305 1260 2380 premunt
1289 2299 1482 2361 olidae
1516 2298 1786 2360 convivia
1814 2317 2055 2396 caprae.

458 2382 551 2444 Tu
581 2391 797 2464 quotus
828 2404 958 2446 esse
993 2384 1135 2446 velis
1166 2385 1451 2462 rescribe,
1484 2391 1545 2446 et
1576 2385 1755 2447 rebus
1792 2383 2019 2446 omissis

456 2466 638 2532 Atria
665 2490 801 2532 serv
804 2477 1003 2532 antem
1033 2459 1258 2554 postico
1286 2470 1428 2532 falle
1461 2471 1759 2533 client-em.

1105 2881 1658 3004 ErIsToLA
1737 2895 1893 2960 VI.

457 3068 590 3133 ΝΠ,
621 3068 900 3132 admirari
931 3090 1116 3152 prope
1147 3091 1243 3131 res
1278 3075 1370 3131 est
1399 3089 1541 3145 una,
1568 3066 1837 3146 Numici,

461 3155 718 3238 Solaque
775 3176 929 3237 quae
962 3156 1145 3238 possit
1168 3155 1375 3220 facere
1407 3160 1469 3216 et
1500 3175 1741 3217 servare
1772 3154 2036 3216 beatum.

456 3242 640 3304 Ilunc
672 3243 855 3304 solem
886 3248 948 3302 et
977 3242 1180 3302 stellas
1212 3249 1275 3304 et
1305 3241 1662 3303 decedentia
1692 3239 1872 3303 certis

457 3329 752 3410 Tempora
781 3327 1090 3389 momentis
1146 3335 1286 3390 sunt
1339 3328 1442 3409 qui
1472 3326 1783 3390 formidine
1815 3324 1981 3386 nulla

457 3413 678 3474 Imbuti
709 3420 1024 3494 spectent:
1071 3414 1214 3495 quid
1245 3434 1456 3476 censes
1486 3433 1739 3474 munera
1766 3418 1989 3487 terrae,

459 3497 615 3569 Quid
647 3498 826 3560 maris
858 3508 1152 3562 extremos
1181 3500 1420 3562 Arabas
1452 3498 1699 3560 ditantis
1732 3504 1794 3558 et
1825 3495 2031 3574 Indos,

458 3583 720 3645 Ludicra
750 3583 914 3665 quid,
945 3586 1188 3666 plausus
1221 3593 1283 3648 et
1313 3585 1488 3648 amici
1518 3583 1674 3646 dona
1705 3581 2005 3655 Quiritis?

462 3669 592 3742 Quo
622 3670 950 3750 spectanda
979 3671 1172 3748 modo,
1205 3693 1323 3754 quo
1353 3691 1535 3732 sensu
1568 3669 1765 3732 credis
1796 3677 1859 3731 et
1886 3689 2031 3730 ore.
2010 3665 2037 3714 ⁶?
2097 3735 2106 3744 ,

459 3755 576 3828 Qui
609 3757 777 3817 timet
804 3755 894 3816 his
927 3755 1180 3818 adversa
1232 3758 1360 3819 fere
1390 3757 1643 3818 miratur
1674 3754 1883 3817 eodem

459 3841 591 3914 Quo
621 3841 868 3925 cupiens
919 3850 1134 3924 pacto·
1118 3888 1135 3918 ‚
1183 3862 1370 3925 pavor
1400 3850 1493 3904 est
1521 3840 1839 3922 utrobique
1868 3839 2175 3919 molestus,

2476 689 2537 738 m

2477 1118 2540 1166 15

2483 3861 2541 3910 1⁰
