2742 4417
833 338 964 393 Lm.
1011 345 1106 392 IV.
1155 341 1353 392 cARM.
1400 346 1575 392 XI11.·

501 499 568 565 Si
597 500 805 584 gestiS,
826 500 1118 583 juvenum
1147 462 1429 562 nobilium
1458 499 1665 579 cliens,

751 585 962 648 Nardo
992 585 1134 647 vina
1159 584 1491 647 merebere.

497 669 564 734 N
565 670 696 733 ardi
724 692 946 755 parvus
975 692 1134 753 onyx
1164 670 1364 733 eliciet
1400 669 1617 733 cadum

329 788 342 805 ·
373 826 386 837 ο
498 753 617 829 Qui
643 778 804 819 nunc
837 755 1116 839 Sulpiciis
1147 755 1402 818 accubat
1433 754 1688 837 horreis,

502 839 656 925 Spes
686 840 909 914 donare
943 862 1126 903 novas
1155 842 1360 922 largus
1416 860 1739 924 amaraque

737 923 1058 989 ’Curat-um
1085 927 1290 988 eluere
1321 926 1551 987 efficax.

497 1010 606 1073 Ad
634 1030 790 1094 quae
820 1010 871 1073 si
895 1032 1183 1095 properus
1214 1010 1461 1093 gaudia,
1492 1032 1629 1073 cum
1658 1016 1767 1073 tua.

499 1095 699 1161 Velox
725 1116 927 1159 merce
957 1095 1132 1157 veni:
1179 1117 1301 1159 non
1330 1116 1445 1178 ego
1473 1102 1535 1159 te
1562 1095 1713 1159 meis

503 1180 843 1244 Immunem
871 1180 1126 1243 meditor
1155 1181 1387 1262 tingere
1416 1182 1666 1263 poculis,

752 1265 960 1329 Plena·
972 1265 1142 1328 dives
1169 1272 1240 1327 ut
1267 1267 1330 1328 iu
1361 1266 1557 1343 demo,

495 1350 732 1415 Verum
759 1372 912 1434 pone
943 1372 1138 1413 moras
1168 1358 1232 1414 et
1259 1351 1521 1414 studium
1549 1350 1725 1429 lucri,

495 1435 944 1519 Nigrorumque
977 1457 1224 1514 memor,
1254 1436 1397 1498 dum
1424 1438 1589 1515 licet,
1617 1436 1847 1520 ignium

491 1520 688 1585 Misce
718 1521 1032 1585 stultitiam
1062 1522 1317 1584 consiliis
1343 1522 1625 1584 brevem:

748 1605 945 1670 Dulce
977 1613 1070 1673 est
1099 1607 1372 1691 desipere
1402 1608 1467 1669 in
1493 1607 1645 1670 loco·

789 2027 1250 2095 CARMEN
1307 2029 1582 2097 XIII.

491 2374 868 2449 Aumvmm,
897 2368 1091 2453 Lyce,
1119 2368 1184 2432 di
1212 2390 1348 2433 mea
1376 2377 1538 2452 vota,
1566 2370 1631 2436 di

488 2459 826 2535 Audivere,
856 2455 1064 2539 Lyce:
1108 2457 1182 2518 fis
1212 2475 1387 2536 anus,
1418 2464 1481 2519 et
1512 2463 1714 2522 tamen

575 2544 691 2609 Vis
719 2542 976 2604 formosa
1002 2539 1193 2602 videri

662 2626 969 2709 Ludisque
1001 2632 1064 2688 et
1090 2625 1242 2689 bibis
1270 2624 1587 2707 impudens

490 2712 578 2777 Et
606 2721 790 2777 cantu
818 2711 1071 2774 tremulo
1100 2717 1242 2795 pota
1271 2710 1631 2793 Cupidinem

488 2798 749 2863 Lentum
778 2796 1081 2861 sollicitas.
1172 2796 1285 2858 Ille
1317 2796 1565 2859 virentis
1594 2802 1659 2859 et

572 2884 807 2948 Doctae
835 2882 1090 2965 psallere
1125 2880 1310 2944 Chiae

660 2967 936 3031 Pulchris
966 2966 1225 3029 excubat
1252 2966 1313 3028 in
1345 2966 1536 3047 genis.

489 3053 876 3137 Importunas
905 3049 1064 3113 enim
1091 3052 1425 3114 transvolat
1452 3050 1651 3113 aridas

401 3175 410 3183 ·
491 3138 788 3216 Quercus,
818 3142 882 3199 et
908 3136 1134 3218 refugit
1163 3144 1224 3199 te
1277 3136 1423 3218 quia
1449 3134 1631 3198 luridi

573 3223 829 3301 Dentes,
861 3228 922 3285 te
953 3222 1096 3303 quia
1123 3240 1312 3302 rugae

659 3308 936 3393 'hirpant
963 3312 1026 3369 et
1054 3306 1264 3388 capitis
1292 3304 1481 3371 nives·

484 3392 622 3457 Nec
655 3392 816 3458 Coae
845 3391 1119 3455 referunt
1133 3392 1264 3474 jam
1291 3390 1403 3452 tibi
1430 3407 1734 3473 purpurae

485 3477 552 3543 N
553 3499 624 3541 ec
655 3480 802 3543 clari
830 3475 1059 3559 lapides
1088 3481 1382 3558 tempora,
1407 3494 1567 3557 >quae
1598 3473 1782 3538 semel

569 3562 750 3627 Notis
779 3560 1022 3627 condita
1047 3560 1217 3624 fastis

660 3648 917 3712 Inelusit
945 3645 1202 3709 volucris
1231 3644 1381 3707 dies.

495 3730 629 3807 Quo
656 3734 815 3817 fugit
844 3750 1064 3812 venus,
1086 3731 1228 3809 heu,
1257 3748 1457 3815 quove
1488 3726 1653 3791 color
1677 3722 1705 3789 ⁴?
1737 3724 1963 3791 decens

499 3817 631 3893 Quo
659 3826 855 3883 motus
880 3817 1098 3964 ‘29quid
1125 3818 1312 3881 habes
1339 3816 1520 3896 illius,
1547 3814 1729 3897 illius,

2156 326 2237 392 97

2175 517 2238 567 15

2160 3156 2223 3206 10

2158 3577 2222 3629 15
