2742 4417
919 359 1049 406 LIB.
1080 359 1131 406 1.
1165 359 1304 406 SA’l'.
1343 359 1443 406 VI.

173 512 520 595 Persuadere
554 514 740 597 cupit.
834 512 1061 577 Credat
1087 513 1134 577 J
1136 512 1364 577 udaeus
1394 512 1638 597 Apella,
1702 542 1707 547 ·

175 598 294 661 Non
322 621 467 681 eg03
513 621 772 683 namque
803 599 947 661 deos
976 598 1159 662 didici
1190 620 1469 661 securum
1496 620 1677 682 agere
1708 620 1947 680 aevum,

173 683 226 745 N
229 706 288 747 ec
338 686 386 747 si
413 685 556 768 quid
589 686 725 753 miri
753 684 938 749 faciat
963 692 1190 748 natura
1235 684 1379 748 deos
1408 684 1473 747 id

175 768 370 833 Tristes
398 792 474 832 ex
503 772 623 833 alto
654 771 806 833 caeli
836 770 1152 833 demittere
1183 776 1363 833 tect0.

174 854 550 921 Brundusium
571 856 794 939 longae
809 855 948 919 finis
969 856 1331 939 chartaeque
1361 856 1617 939 viaeque
1647 860 1761 918 est.

845 1279 1511 1375 εΑΤΙΒᾼ-νῑ.

170 1450 224 1513 N
225 1468 298 1515 ou
345 1453 506 1536 quia,
536 1450 888 1530 Maecenas,
917 1450 1539 1537 Lydorumiquidquid
1566 1452 1853 1520 Etruscos

169 1536 398 1601 Incoluit
427 1540 578 1601 fines
629 1558 804 1601 nemo
834 1537 1178 1621 generosior
1206 1545 1300 1601 est
1329 1546 1413 1617 te,

76 1612 79 1631 ⁸
166 1621 220 1683 N
222 1645 282 1686 ec
331 1624 488 1707 quod
519 1645 666 1686 avus
692 1622 798 1686 tibi
826 1630 1135 1686 maternus
1165 1623 1280 1687 fuit
1307 1631 1492 1707 atque
1522 1630 1811 1708 paternus

167 1706 304 1770 Olim
332 1710 435 1793 qui
464 1710 694 1792 magnis
723 1708 1053 1791 legionibus
1098 1708 1533 1792 imperitarent,

163 1792 241 1857 Ut
265 1796 528 1878 plerique
559 1796 772 1872 solent,
802 1796 948 1857 naso
977 1794 1290 1877 suspendis
1320 1794 1557 1869 adunco

160 1879 409 1961 Ignotos,
439 1890 509 1943 ut
540 1902 638 1943 me
665 1881 941 1943 libertino
969 1888 1141 1964 patre
1172 1889 1401 1943 natum.
1450 1920 1463 1927 ·

161 1964 296 2028 Cum
323 1967 550 2030 referre
579 1987 766 2049 negas
819 1966 982 2050 quali
1011 1966 1090 2029 sit
1119 1966 1370 2048 quisque
1402 1973 1651 2049 parente
1700 2014 1705 2019 -
1758 2044 1767 2053 ι
1802 2048 1809 2053 .

72 2074 74 2085 ²
157 2050 340 2115 Natus
391 2052 536 2114 dum
565 2052 885 2134 ingenuae,
945 2051 1269 2135 persuades
1299 2052 1411 2116 hoc
1442 2052 1548 2115 tibi
1582 2073 1747 2132 vero,

156 2134 304 2199 Ante
335 2144 694 2221 potestatem
723 2137 880 2199 Tulli
911 2146 1092 2220 atque
1122 2138 1380 2220 ignobile
1412 2159 1669 2221 regnum

155 2220 363 2286 Multos
391 2244 574 2306 saepe
605 2224 761 2285 viros
791 2223 967 2285 nullis
997 2224 1316 2287 ma'oribus
1345 2230 1506 2287 ortos

70 2326 72 2331 ·
159 2307 228 2369 Et
255 2309 466 2372 vixisse
497 2309 709 2392 probos
762 2308 971 2391 amplis
1002 2316 1064 2371 et
1134 2309 1412 2372 onoribus
1455 2316 1703 2386 auctos;

70 2418 72 2431 ·
161 2391 365 2457 Contra
393 2394 748 2473 Laevinum,
778 2393 989 2457 Valeri
1018 2415 1210 2477 genus
1264 2393 1427 2457 unde
1474 2396 1771 2479 superbus

157 2477 496 2563 Tarquinius
526 2501 712 2563 regno
741 2480 946 2563 pulsus
974 2480 1152 2561 fugit,
1183 2479 1358 2543 unius
1388 2481 1536 2543 assis
1626 2500 1635 2507 ·

77 2578 84 2585 ·
158 2561 279 2627 Non
305 2587 572 2649 unquam
601 2564 793 2649 pretio
823 2565 1010 2649 pluris
1037 2566 1286 2643 licuisse,
1304 2571 1551 2630 notante

153 2647 194 2710 J
194 2650 354 2715 udice
395 2666 532 2735 ‘quo
560 2651 716 2714 nosti
766 2652 1004 2734 popu10‚
1034 2650 1140 2735 qui
1169 2652 1388 2714 stultus
1418 2652 1671 2715 honores

162 2732 334 2820 Saepe
364 2736 473 2800 dat
499 2736 759 2818 indignis
790 2743 855 2799 et
881 2738 1076 2799 famae
1107 2738 1293 2800 servit
1321 2737 1583 2819 ineptae,

160 2818 259 2891 Qui
287 2830 489 2906 stupet
515 2822 578 2885 in
606 2823 794 2885 titulis
825 2829 888 2885 et
915 2822 1290 2905 imaginibus.
1384 2822 1541 2897 Quid
1574 2827 1811 2905 oportet

158 2902 269 2969 Nos
295 2908 496 2971 facere
527 2929 566 2971 a
594 2909 771 2991 volgo
799 2908 978 2989 longe
1008 2910 1304 2993 longeque
1335 2915 1594 2971 remotos
1620 2906 1647 2970 ’ἐ

159 2988 414 3076 Namque
447 3000 574 3057 esto
627 2994 879 3077 populus
909 2993 1174 3057 Laevino
1203 2994 1409 3057 mallet
1437 2995 1723 3057 honorem

162 3074 332 3147 Quam
359 3080 550 3143 Decio
579 3079 864 3142 mandare
894 3102 1068 3158 novo,
1101 3102 1429 3163 censorque
1460 3086 1729 3144 moveret

161 3160 372 3246 Appius
423 3165 684 3248 ingenuo
713 3166 763 3227 si
792 3186 911 3228 non
941 3187 1134 3227 essem
1162 3173 1332 3249 patre
1363 3173 1577 3229 natus:

161 3244 261 3309 Vel
287 3252 493 3314 merito
549 3251 824 3334 quoniam
851 3250 910 3313 in
939 3252 1180 3334 propria
1208 3274 1323 3313 non
1356 3253 1512 3335 pelle
1544 3251 1864 3337 quiessem.

165 3329 265 3395 Sed
293 3336 561 3418 fulgente
594 3336 778 3398 trahit
808 3336 1156 3421 constrictos
1190 3336 1398 3401 Gloria
1428 3359 1610 3400 curru
1758 3406 1769 3417 ,

162 3414 280 3481 Non
307 3422 500 3485 minus
529 3422 762 3504 ignotos
795 3423 1124 3505 generosis,
1219 3422 1351 3496 Quo
1382 3422 1510 3503 tibi,
1542 3421 1701 3502 Tilli,

159 3500 385 3569 Sumere
417 3507 751 3591 depositum
782 3508 1016 3571 clavum
1045 3509 1295 3591 fierique
1326 3509 1563 3572 tribuno
1588 3508 1616 3571 ⁴?

160 3584 370 3655 Invidia
397 3593 663 3656 accrevit
712 3593 948 3676 privato
975 3616 1131 3677 quae
1160 3594 1351 3657 minor
1380 3602 1559 3657 esset.

165 3670 299 3737 Nam
326 3685 394 3740 ut
421 3679 673 3761 quisque
704 3680 948 3743 insanus
977 3681 1164 3763 nigris
1194 3680 1459 3743 medium
1488 3678 1763 3765 impediit
1791 3698 1931 3742 crus

166 3756 398 3827 Pellibus
427 3771 490 3827 et
519 3765 707 3827 latum
739 3765 977 3829 demisit
1003 3774 1248 3849 pectore
1281 3768 1540 3845 clavum,

171 3843 330 3912 Audit
357 3850 673 3915 continuo:
709 3849 909 3925 “Quis
937 3852 1111 3927 homo
1140 3852 1237 3916 hic
1265 3850 1415 3917 est?
1462 3873 1579 3935 quo
1610 3857 1780 3935 patre
1809 3854 1989 3915 natus
2013 3846 2090 3914 2²2

2100 344 2225 411 141
2270 349 2279 355 '

2137 535 2227 585 100

2154 2218 2341 2296 10'

2154 2673 2215 2723 15
