2742 4417
419 285 566 372 132,
1277 231 1647 348 SA'riRARUM

419 455 736 539 Neglectis
766 455 999 518 urenda
1025 457 1150 518 filix
1181 457 1511 518 innascitur
1542 458 1724 539 agris.

421 543 575 606 Illuc
608 541 1078 626 praevertamur‚
1111 553 1435 605 amatorem
1470 545 1626 626 quod
1660 545 1885 606 amica-e

422 629 647 711 Turpia
677 629 984 710 decipiunt
1014 649 1259 690 caecum
1293 629 1457 704 vitia,
1488 639 1593 690 aut
1626 631 1803 692 etiam
1834 631 1962 713 ipsa
1990 632 2139 696 haec

423 715 768 790 Delectant,
801 715 982 776 veluti
1016 715 1333 776 Balbinum
1367 716 1617 796 polypus
1650 716 1932 797 Hagnae.

423 801 662 862 Vellem
693 801 754 862 in
786 800 1044 862 amicitia
1071 801 1156 882 sic
1189 821 1525 861 erraremus
1544 820 1561 876 ς
1582 809 1643 861 et
1674 802 1771 863 isti

423 885 630 948 Eri-ori
662 908 874 948 nomen
907 887 1095 948 virtus
1127 887 1423 968 posuisset
1452 886 1787 949 honestum.

423 975 511 1040 At
545 983 714 1054 pater
735 983 803 1031 ut
827 974 992 1053 gnati
1039 972 1124 1034 sic
1149 993 1256 1034 nos
1275 971 1561 1033 debemus
1592 974 1767 1035 amici

427 1057 488 1120 Si
521 1058 679 1140 quod
711 1059 788 1118 sit
821 1057 1025 1118 vitium
1076 1079 1196 1132 non
1224 1057 1529 1119 fastidire:
1575 1059 1914 1122 strabonem

423 1144 711 1225 Appellat
742 1152 983 1224 paetum
1015 1151 1206 1224 pater,
1257 1151 1320 1205 et
1367 1144 1594 1226 pullum
1648 1145 1799 1206 male
1832 1165 2053 1228 parvus

427 1228 491 1290 Si
525 1230 618 1290 cui
649 1229 805 1290 filius
837 1237 950 1304 est,
981 1239 1050 1289 ut
1079 1229 1383 1290 abortivus
1414 1229 1529 1290 fuit
1558 1229 1693 1291 olim

427 1313 760 1397 Sisyphus3
805 1315 1204 1388 hunc‘va-rum
1233 1315 1497 1390 distortis
1528 1316 1833 1391 cruribus3
1878 1316 2048 1380 illum

423 1399 696 1462 Balbutit
725 1421 1001 1462 scaurum
1027 1401 1222 1482 pravis
1252 1400 1467 1462 fultum
1499 1401 1650 1463 male
1678 1402 1834 1463 talis.

424 1485 674 1548 Parcius
705 1487 799 1548 hic
833 1487 1000 1566 vivit,
1060 1486 1222 1568 frugi
1255 1486 1512 1548 dicatur.
1605 1487 1857 1569 Ineptus

423 1571 506 1632 Et
527 1571 854 1654 jactantior
883 1573 980 1634 hic
1014 1573 1190 1654 paulo
1239 1579 1355 1648 est,
1418 1573 1742 1635 concinnus
1772 1573 1975 1635 amicis

423 1657 700 1733 Postulat
729 1667 797 1718 ut
825 1657 1118 1719 videatur.
1208 1658 1298 1720 At
1327 1665 1421 1720 est
1457 1659 1851 1722 truculentior
1884 1667 2066 1741 atque

423 1743 568 1806 Plus
600 1751 800 1826 aequo·
821 1743 988 1814 liber,
1051 1743 1300 1841 simplex
1331 1744 1617 1826 fortisque
1648 1745 1978 1806 habeatur·
1964 1793 1981 1824 ,

424 1829 665 1890 Caldior
695 1836 810 1898 est,
868 1849 1038 1890 acres
1067 1829 1224 1890 inter
1252 1839 1621 1904 numeretur.
1716 1829 1944 1928 Opinoi·

421 1915 618 1976 Haec.
629 1935 724 1976 res
754 1922 816 1976 et
835 1911 1041 1996 jungit
1082 1915 1324 2013 junctos
1356 1925 1419 1976 et
1448 1925 1651 1978 servat
1666 1916 1920 1986 amicos·

420 2000 512 2062 At
541 2021 646 2062 nos
678 2001 928 2061 virtutes
957 2000 1114 2082 ipsas
1144 2001 1515 2079 invertimus,
1546 2013 1727 2084 atque

425 2084 737 2148 Sincerum
767 2085 1036 2167 cupimus
1066 2107 1170 2147 vas
1199 2087 1554 2149 incrustare.
1646 2087 1877 2149 Probus
1908 2084 2039 2168 quis

422 2171 748 2233 Nobiscum
781 2171 950 2246 vivit,
1009 2172 1583 2270 multumdemissus
1611 2174 1820 2235 horno:
1868 2172 1950 2233 illi

418 2257 619 2320 Tardo
651 2277 976 2339 cognomen
1007 2257 1213 2339 pingui
1244 2257 1473 2320 damus.
1566 2259 1686 2320 Hic
1718 2257 1875 2340 fugit
1903 2271 2107 2320 omnes

421 2343 678 2405 Insidias
733 2344 1006 2425 nullique
1029 2345 1181 2404 malo
1213 2345 1368 2405 latus
1399 2344 1563 2405 obdit
1598 2353 1895 2426 apertum,

423 2429 574 2491 Cum
607 2450 795 2510 genus
826 2429 936 2490 hoc
965 2429 1123 2490 inter
1153 2429 1309 2491 vitae
1343 2439 1617 2491 versetur
1668 2430 1767 2491 ubi
1804 2428 1957 2491 acris

420 2515 650 2578 Invidia
685 2527 865 2613 atque
901 2515 1106 2594 vigent
1133 2515 1233 2576 ubi
1265 2515 1535 2592 crimina,
1602 2537 1709 2598 pro
1726 2517 1889 2577 bene
1920 2534 2065 2576 sano

419 2602 517 2664 Ac
550 2623 666 2662 non
689 2601 926 2662 incauto
953 2601 1157 2662 fictum
1189 2609 1571 2682 astutumque
1607 2621 1906 2663 vocamus·

425 2679 757 2768 Simplicior
787 2687 920 2768 quis
951 2694 1014 2747 et
1043 2695 1156 2761 est,
1189 2689 1430 2766 qualem
1464 2705 1557 2746 me
1590 2705 1771 2768 saepe
1803 2684 2065 2747 libenter

423 2771 757 2834 Obtulcrim
791 2771 916 2848 tibi,
949 2770 1296 2848 Maecena8‚
1328 2781 1397 2833 ut
1426 2770 1582 2834 forte
1614 2773 1920 2854 legentem

421 2858 553 2919 Aut
587 2858 830 2919 tacitum
864 2857 1128 2938 impellat
1161 2856 1369 2939 quovis
1399 2877 1669 2919 sermone
1702 2861 2007 2936 molestu8‚

423 2941 732 3005 Communi
763 2964 940 3004 sensu
973 2943 1146 3024 plane
1178 2949 1362 3020 caret,
1392 2942 1717 3025 inquimus,
1784 2941 1981 3018 Eheu,

422 3027 616 3100 Quam
649 3039 871 3090 temere
903 3028 962 3088 in
992 3037 1223 3090 nosmet
1250 3029 1447 3109 legem
1479 3027 1777 3090 sancimus
1806 3023 2105 3110 iniquam!

421 3114 584 3176 Nam
615 3115 768 3176 vitiis
801 3135 972 3175 nemo
1003 3113 1127 3174 sine
1158 3113 1463 3188 nascitur3
1510 3114 1764 3196 optimus
1792 3113 1891 3174 ille
1923 3120 2017 3174 est

423 3199 539 3272 Qui
573 3200 894 3262 minimisu
853 3209 1124 3280 uigetur.
1215 3198 1466 3260 Amicus
1497 3199 1687 3261 dulcis
1741 3206 1810 3260 ut
1838 3207 2095 3278 aequum
2124 3201 2219 3260 est

423 3285 588 3348 Cum
606 3307 740 3347 mea
771 3292 1112 3370 compenset
1141 3284 1298 3346 vitiis
1328 3285 1522 3358 bona;
1578 3283 1851 3368 pluribus
1881 3283 2048 3356 hisce

430 3368 540 3450 (Si
574 3371 746 3431 modo
780 3372 954 3453 pluia
984 3369 1127 3430 mihi
1161 3369 1314 3430 bona
1343 3374 1521 3449 sunt)
1558 3370 1825 3434 inclinet.
1862 3372 2051 3434 amari

397 3473 400 3478 ·
424 3455 487 3518 Si
521 3456 714 3517 volet:
763 3456 875 3516 hac
907 3455 1088 3536 lege
1073 3477 1134 3516 m
1163 3454 1389 3516 trutina
1420 3463 1673 3538 ponetur
1704 3455 1943 3517 eadem.

421 3540 537 3612 Qui
592 3562 667 3602 ne
701 3541 1004 3603 tuberibus
1039 3541 1286 3622 propriis
1317 3541 1579 3604 offendat
1614 3541 1870 3603 amicum

421 3627 696 3688 Postulat
747 3627 1016 3708 ignoscet
1049 3626 1312 3688 verrucis
1341 3626 1537 3700 illius3
1583 3648 1841 3709 aequum
1872 3631 1965 3687 est

421 3712 696 3774 Peccatis
732 3713 965 3774 veniam
996 3723 1338 3793 poscentem
1369 3713 1622 3774 reddere
1657 3733 1882 3774 rursus.

421 3797 722 3881 Denique,
754 3809 1046 3880 quatenus
1079 3797 1272 3860 excidi
1301 3799 1539 3880 penitus
1574 3799 1772 3861 vitium
1808 3799 1931 3860 ‘rae
1988 3861 1998 3870 ‚
2044 3819 2057 3834 ·

1509 4069 1561 4210 xl

1453 4219 1569 4286 ‚l

2451 739 2531 788 40

2435 2023 2505 2070 55

2431 3286 2567 3348 70'
