2742 4417
975 351 1106 398 m.
1152 351 1203 398 1.
1248 349 1453 398 EPIST.
1496 349 1638 398 XIX.

282 502 454 578 Quid
483 522 632 588 pure
665 503 1036 586 tranquillet,
1065 505 1251 569 honos
1281 526 1360 569 an
1390 505 1566 570 dulce
1596 503 1901 582 lucellum,

281 591 396 652 An
425 595 725 653 secretum
754 588 872 652 iter
900 597 964 652 et
989 591 1252 654 fallentis
1283 590 1498 654 semita
1527 592 1709 654 vitae.

283 675 396 738 Me
430 675 662 758 quoties
696 675 894 738 reficit
921 676 1158 758 gelidus
1210 676 1501 759 Digentia
1552 676 1740 755 rivus,

285 760 490 834 Quem
517 759 808 823 Mandela
835 761 1007 841 bibit,
1037 783 1294 846 rugosus
1319 763 1546 846 frigore
1577 781 1792 847 pagus,

284 845 452 918 Quid
482 845 705 909 sentire
735 845 964 930 putas?
1004 847 1148 931 quid
1180 848 1398 926 eredis,
1426 848 1640 926 amice,
1670 845 1907 932 precari
1934 843 1961 909 ’ἰ

285 931 389 994 Sit
415 931 564 994 mihi
616 931 778 1014 quod
806 954 967 996 nune
997 940 1112 1012 est,
1143 933 1324 996 etiam
1354 933 1575 1012 minus3
1606 942 1670 996 et
1696 932 1843 995 mihi
1872 930 2071 995 vivam

284 1016 468 1090 Quod
496 1024 776 1101 superest
803 1019 960 1098 aevi,
988 1019 1040 1082 si
1069 1019 1214 1102 quid
1243 1039 1560 1102 superesse
1593 1019 1803 1082 volunt
1832 1017 1935 1094 di3

285 1101 388 1166 Sit
415 1101 572 1166 bona
599 1103 887 1166 librorum
916 1113 981 1166 et
1008 1104 1280 1187 provisae
1310 1105 1507 1187 frugis
1534 1105 1599 1167 in
1628 1124 1852 1167 annum

279 1187 502 1270 Copia,
546 1211 670 1252 neu
713 1188 946 1251 fluitem
978 1188 1198 1253 dubiae
1226 1209 1333 1274 spe
1363 1191 1662 1273 pendulus
1689 1189 1892 1253 horae.

285 1271 418 1337 Sed
446 1273 593 1337 satis
622 1279 718 1338 est
745 1295 918 1338 orare
947 1274 993 1338 J
994 1295 1168 1338 ovem
1220 1295 1378 1359 quae
1410 1276 1593 1339 donat
1621 1281 1685 1338 et
1714 1275 1953 1338 aufert:

280 1358 414 1423 Det
442 1359 654 1442 vitam,
690 1358 798 1424 det
837 1379 1006 1446 epea,
1050 1381 1312 1446 aequum
1339 1361 1424 1424 mi
1453 1361 1715 1425 animum
1742 1361 1871 1446 ipse
1900 1357 2149 1446 parabo.
2268 1450 2274 1456 ἱ

899 1789 1451 1856 EPISTOLA
1514 1790 1755 1857 XIX.

283 1963 531 2027 Pmsco
563 1961 614 2026 si
644 1961 864 2043 eredis,
891 1961 1224 2027 Maecenas
1253 1961 1452 2042 docte,
1486 1961 1755 2043 Gratim),

283 2048 480 2112 Nulla
508 2049 749 2132 plaeere
780 2049 884 2112 diu
911 2069 1026 2112 nee
1057 2050 1258 2113 vivere
1292 2048 1559 2112 earmina
1588 2055 1841 2132 possunt

287 2133 462 2207 Quae
493 2135 840 2198 scribuntur
869 2155 1063 2218 aquae
1093 2134 1419 2218 potoribus·
1510 2133 1605 2198 Ut
1632 2136 1786 2199 male
1818 2154 1995 2200 sanos

283 2219 638 2303 Adscripsit
670 2219 852 2300 Liber
884 2219 1121 2305 Satyris
1150 2219 1496 2304 Faunisque
1526 2223 1738 2304 poebas

283 2305 454 2369 Vina
482 2306 614 2370 fere
644 2306 852 2369 dulces
881 2307 1160 2369 oluerunt
1189 2327 1362 2368 mane
1396 2305 1720 2370 Camenae.

285 2391 602 2456 Laudibus
633 2393 909 2475 arguitur
939 2392 1060 2454 vini
1091 2391 1330 2454 vinosus
1361 2391 1663 2456 Homerus
1690 2413 1707 2470 ;
1735 2449 1739 2454 .

289 2477 526 2542 Ennius
554 2477 682 2561 ipse
715 2477 888 2561 pater
915 2498 1222 2560 nunqua-m
1249 2477 1361 2540 nisi
1393 2485 1569 2561 potus
1600 2477 1678 2540 ad
1707 2497 1875 2543 arma

287 2563 582 2626 Prosiluit
612 2563 889 2626 dicenda.
924 2563 1205 2626 “Forum
1233 2563 1561 2647 putealque
1594 2563 1839 2628 Libonis

289 2648 603 2712 Mandabo
632 2649 829 2728 siccis,
861 2648 1122 2712 adimam
1151 2654 1399 2712 eantare
1429 2648 1653 2712 severis
1678 2650 1747 2712 :”

291 2734 431 2798 Hoc
463 2735 640 2798 simul
669 2735 830 2798 edixi
880 2756 1003 2797 non
1035 2754 1346 2798 cessavere
1379 2737 1596 2818 poetae

291 2820 358 2884 N
361 2826 612 2883 oeturno
643 2827 878 2884 certare
909 2841 1096 2900 mero,
1126 2829 1338 2904 putere
1371 2819 1607 2883 diurn0.

191 2984 202 2992 ⁰
297 2905 481 2986 Quid,
511 2906 559 2968 si
595 2906 728 2989 quis
759 2907 929 2969 vultu
957 2912 1128 2968 torvo
1158 2906 1323 2968 ferus
1355 2912 1419 2968 et
1447 2906 1602 2990 pede
1630 2904 1794 2969 nudo

297 2991 696 3075 Exiguaeque
721 2998 900 3074 togae
931 2992 1172 3054 simulet
1201 2997 1435 3054 textore
1468 2991 1781 3070 Catonem,

297 3077 686 3140 Virtutemne
717 3084 1147 3162 repraesentet·
1161 3097 1475 3160 moresque
1508 3075 1805 3141 Catonis?

297 3163 490 3246 Rupit
519 3163 812 3226 Iarbitam
842 3163 1182 3246 Timagenis
1213 3165 1450 3226 aemula
1477 3164 1706 3246 lingua,

298 3248 464 3312 Dum
494 3248 700 3311 studet
727 3247 994 3312 urbanus
1024 3249 1338 3332 tenditque
1369 3249 1629 3312 disertus
1657 3248 1888 3311 haberi.
1988 3262 1992 3266 ·
2056 3263 2059 3266 ’
2128 3261 2131 3266 ·

299 3334 547 3417 Decipit
576 3335 1068 3419 exemplarvitiis
1097 3335 1383 3398 imitabile
1410 3356 1424 3398 :
1472 3331 1687 3418 quodsi

300 3419 604 3484 Pallerem
634 3441 779 3483 casu
828 3420 1103 3482 biberent
1132 3441 1436 3502 exsangue
1468 3419 1791 3484 cuminum.

305 3506 358 3568 Ο
391 3504 743 3584 imitatoreS,
775 3527 1016 3569 servum
1044 3526 1252 3589 pecus„
1281 3513 1353 3569 ut
1380 3505 1523 3568 mihi
1554 3524 1735 3588 saepe

307 3591 526 3669 Bilem‚
558 3612 740 3675 saepe
760 3593 968 3675 jocum
995 3592 1177 3654 vestri
1205 3613 1446 3654 movere
1479 3588 1807 3656 tumultus!

305 3677 528 3740 Libera
557 3698 668 3760 per
697 3698 954 3741 vacuum
984 3676 1154 3761 posui
1184 3677 1439 3760 vestigia
1468 3677 1771 3760 princeps,

231 3820 242 3830 .
306 3762 452 3826 Non
481 3763 679 3826 aliena
707 3783 842 3826 meo
872 3762 1062 3846 pressi
1091 3763 1266 3845 pede.
1319 3761 1438 3836 Qui
1468 3762 1581 3826 sibi
1610 3762 1745 3824 fidit

307 3848 454 3913 Dux
486 3856 662 3934 reget
689 3869 965 3913 examen.
1055 3847 1267 3912 Parios
1297 3867 1412 3933 ego
1440 3848 1667 3933 primus
1694 3847 1923 3920 iambos

1131 4043 1165 4067 X

2280 780 2369 829 10⁵

2280 1205 2373 1256 110

2316 2755 2380 2804 10

2324 3182 2391 3252 15ἱ
