2742 4417
961 353 1090 402 mn.
1135 353 1181 402 1.
1228 352 1364 403 ΒΜ.
1408 354 1477 402 x.
2135 338 2263 404 149
2354 363 2362 372 ·

177 511 424 594 Oppono
455 508 808 574 auriculam.
899 509 1088 594 Rapit
1115 510 1180 574 in
1197 510 1344 596 jus;
1391 512 1617 574 clamor
1644 510 1928 596 utrinque
1956 529 1975 590 ς

175 597 458 682 Undique
487 617 838 662 concursus.
936 595 1039 660 Sic
1069 618 1168 661 me
1203 598 1473 662 servavit
1498 598 1742 684 Apollo·

933 1035 1316 1102 SATIRA
1389 1036 1496 1100 X.
1580 1023 1587 1032 ’

173 1212 404 1276 ΝΕΜΡΕ
433 1211 826 1296 incomposito
857 1209 979 1273 dixi
1009 1210 1164 1293 pede
1195 1231 1443 1274 currere
1476 1231 1687 1275 versus

173 1299 378 1362 Lucili.
474 1299 624 1373 Quis
656 1307 779 1361 tam
811 1297 1005 1364 Lucili
1034 1296 1236 1360 fautor
1263 1297 1469 1381 inepte
1502 1305 1595 1359 est

173 1386 255 1449 Ut
281 1408 401 1448 non
430 1387 544 1449 hoc
574 1386 842 1448 fateatur
867 1382 900 1446 ἲ.
985 1383 1076 1446 At
1103 1383 1264 1446 idem
1295 1383 1457 1466 quod
1486 1385 1609 1447 sale
1639 1383 1827 1448 multo

171 1471 396 1536 Urbem
429 1471 717 1534 defricuit
743 1471 958 1533 charta
985 1468 1271 1532 laudatur
1301 1468 1535 1533 eadem.

58 1569 60 1576 '
167 1558 228 1620 N
231 1579 300 1621 cc
332 1565 538 1622 tamen
565 1559 678 1621 hoc
711 1534 990 1620 tribuens·
1012 1555 1282 1618 dederim
1313 1577 1551 1639 quoque
1584 1562 1829 1634 cetera3
1874 1575 2016 1620 nam
2044 1555 2131 1622 sic
2226 1575 2261 1624 5

167 1645 248 1707 Et
278 1644 502 1708 Laberi
531 1646 740 1707 mimos
771 1651 840 1705 ut
869 1643 1122 1727 pulchra
1154 1646 1435 1726 poemata
1462 1643 1667 1706 mirer.

165 1731 330 1814 Ergo
358 1753 480 1795 non
511 1732 658 1794 satis
689 1737 784 1794 est
811 1731 937 1792 risu
966 1729 1254 1792 diducere
1285 1729 1509 1792 rictuni
1676 1745 1685 1752 ·

137 1818 481 1881 ·Auditoris
517 1820 620 1900 (et
649 1825 744 1880 est
773 1816 1073 1899 quaedam
1105 1822 1306 1878 tamen
1337 1815 1434 1878 hic
1466 1835 1707 1904 quoque
1738 1811 1989 1897 virtus).

163 1903 280 1968 Est
308 1904 605 1967 brevitate
635 1925 807 1987 opuS‚
837 1910 908 1966 ut
937 1908 1147 1966 currat
1174 1902 1477 1964 sententia
1507 1922 1628 1965 neu
1658 1923 1723 1966 se
1801 1980 1806 1985 .

58 2013 60 2016 ’
162 1989 466 2076 Impediat
495 1990 692 2054 verbis
721 1991 910 2053 lassas
941 1986 1328 2052 onerantibus
1357 2007 1573 2065 aures;
2196 2005 2261 2057 lo

163 2074 246 2139 Et
276 2098 549 2141 sermone
579 2097 730 2160 opus
760 2084 854 2139 est
882 2075 1058 2138 modo
1091 2074 1245 2137 tristi
1276 2095 1459 2157 saepe
1480 2076 1712 2158 jocOSO‚
1984 2069 1991 2076 “

163 2161 549 2226 Defendente
584 2165 780 2226 vicem
805 2161 983 2225 modo
1013 2161 1268 2225 rhetoris
1299 2177 1483 2244 atque
1515 2165 1755 2248 poetae,

56 2317 59 2328 ‚
163 2248 746 2328 Interdumurbani,
777 2248 1081 2332 parcentis
1113 2248 1336 2310 viribus
1367 2255 1553 2331 atque

56 2381 58 2428 =
166 2335 566 2400 Extenuantis
596 2357 700 2398 eas
731 2336 1024 2399 consulto.
1115 2335 1462 2397 Ridiculum
1495 2332 1620 2396 acri

56 2453 58 2476 =
166 2420 402 2486 Fortius
433 2423 740 2493 et,melius
768 2442 1020 2504 magnas
1048 2421 1404 2505 plerumque
1436 2427 1605 2484 secat
1632 2439 1749 2483 res.
2195 2436 2261 2486 15

56 2509 58 2544 ⁵
167 2507 260 2571 Illi
289 2510 522 2594 scripta
549 2509 768 2593 quibus
798 2507 1107 2572 comoedia
1136 2507 1336 2591 prisca
1366 2507 1511 2570 viris
1543 2513 1637 2569 cst

169 2593 299 2659 Hoc
329 2597 596 2675 stabant,
627 2597 740 2659 hoc
763 2601 906 2658 sunt
935 2594 1208 2656 imitandi
1235 2613 1252 2670 3
1297 2615 1448 2677 quos
1477 2613 1675 2676 neque
1707 2591 1963 2677 pulcher

56 2711 58 2758 5
167 2679 584 2765 Hermogenes
615 2703 882 2765 unquam
909 2681 1060 2762 legit
1088 2701 1286 2763 neque
1317 2680 1523 2743 simius
1554 2680 1667 2743 iste

56 2763 59 2802 ³
167 2765 268 2831 Nil
299 2777 546 2853 praeter
579 2767 832 2831 Calvum
863 2773 927 2830 et
959 2767 1174 2829 doctus
1204 2774 1451 2830 cantare
1484 2765 1811 2829 Catullum.
2143 2845 2149 2849 .

167 2858 203 2891 “
225 2856 315 2918 At
343 2877 633 2938 magnum
662 2855 809 2917 fecit
838 2853 999 2938 quod
1029 2852 1228 2916 verbis
1260 2851 1503 2916 Graeca
1532 2852 1765 2915 Latinis
2132 2871 2149 2887 ·
2193 2867 2258 2917 m

165 2939 476 3005 Miscuit.”
572 2940 626 3004 O
659 2942 780 3004 seri
809 2939 1144 3003 studiorum
1170 2937 1184 3003 Ξ
1233 2939 1416 3022 quine
1448 2938 1674 3022 putetis

166 3027 416 3092 Difficile
453 3033 516 3090 et
545 3033 761 3090 mirum
791 3027 1028 3090 Rhodio
1059 3025 1220 3108 quod
1250 3025 1617 3088 Pitholeonti

169 3114 436 3197 Contigit
461 3112 488 3176 ‘2
578 3119 618 3150 “
643 3116 734 3176 At
761 3134 958 3176 sermo
988 3112 1196 3195 lingua
1225 3111 1551 3175 concinnus
1580 3117 1841 3193 utraque

169 3199 444 3279 Suavim,
474 3209 546 3264 ut
577 3199 727 3276 Chio
756 3207 902 3263 nota
930 3199 981 3262 si
1009 3199 1332 3261 commixta
1359 3197 1603 3260 Falerni
1634 3196 1795 3261 est.''

169 3275 316 3350 O‘um
347 3308 560 3350 versus
591 3287 798 3364 facias,
832 3293 892 3349 te
924 3286 1121 3368 ipsum
1150 3291 1493 3368 percontor,
1524 3305 1603 3346 an
1634 3291 1697 3348 et
1727 3303 1866 3346 cum
2192 3292 2260 3342 25

167 3371 335 3437 Dura
366 3373 474 3436 tibi
506 3373 856 3456 peragenda
884 3373 974 3434 rei
1004 3372 1084 3434 sit
1112 3391 1297 3434 causa
1326 3368 1579 3433 Petilli?

56 3501 58 3518 2
173 3457 414 3538 Scilicet
445 3461 664 3540 oblitus
697 3460 1049 3543 patriaeque
1079 3457 1415 3540 patrisque,
1448 3457 1666 3519 Latine

172 3543 317 3610 Cum
351 3547 578 3610 Pedius
611 3567 824 3609 causas
851 3543 1111 3609 'exsudet
1140 3543 1449 3626 Poplicola
1483 3550 1669 3627 atque

174 3629 484 3712 Corvinus,
514 3632 724 3716 patriis
752 3633 1166 3694 intermiscere
1197 3630 1390 3713 petita
2110 3683 2117 3688 .

175 3716 373 3784 Verba
402 3719 546 3782 foris
575 3719 769 3796 maliS‚
803 3717 1091 3782 Canusini
1121 3737 1286 3779 more
1315 3715 1599 3798 bilinguis
1624 3712 1651 3777 ἲ
2082 3711 2089 3718 ’
2194 3731 2261 3782 so

179 3801 372 3890 Atque
404 3829 518 3890 ego
549 3826 688 3869 cum
720 3805 990 3870 Graecos
1021 3805 1283 3867 facerem
1313 3811 1493 3864 natus
1522 3821 1689 3864 mare
1720 3798 1875 3863 citra

141 3879 148 3886 ’
179 3887 540 3975 Versiculos,
569 3893 766 3958 vetuit
793 3891 1028 4041 mqgali
1058 3911 1205 3955 voce
1237 3889 1549 3969 QuirinuS,
