2742 4417
869 314 1001 360 LIB·
1048 314 1142 361 IV.
1191 314 1389 361 GARM.
1438 314 1550 362 XV.

610 462 858 532 Vexare
889 476 1116 534 turmas
1169 477 1232 533 et
1261 469 1615 530 frementem

699 554 950 617 Mittere
981 576 1203 639 equum
1234 553 1459 615 medios
1489 574 1598 636 per
1625 552 1819 635 ignes·

527 637 629 703 Sic
659 640 1021 704 tauriformis
1051 642 1308 704 volvitur
1337 638 1620 716 AufiduS‚

532 724 668 799 Qua
699 746 890 807 regna
919 726 1122 789 Dauni
1153 724 1429 809 praefluit
1456 724 1667 807 Apuli,

605 809 763 873 Cum
794 811 988 874 saevit
1017 810 1499 892 horrendamque
1532 810 1712 873 cultis

696 896 1000 960 Diluviem
1029 896 1352 959 meditatur
1383 894 1567 976 agris,

523 981 616 1046 Ut
643 982 1032 1043 barbarorum
1065 982 1352 1045 Claudius
1383 980 1623 1062 agmina

523 1068 783 1131 Ferrata
804 1075 972 1129 vasto
1001 1068 1186 1129 diruit
1213 1067 1442 1149 impetu

608 1153 961 1235 Primosque
993 1160 1057 1215 et
1085 1160 1380 1215 extremos
1409 1151 1687 1215 metendo

698 1237 929 1301 Stravit
955 1239 1198 1300 humum
1251 1238 1379 1299 sine
1411 1236 1583 1299 clade
1612 1238 1826 1319 victor,

525 1322 615 1387 Te
644 1324 868 1407 copiaS‚
901 1331 960 1385 te
991 1325 1298 1386 consilium
1329 1330 1393 1385 et
1420 1329 1557 1385 tuos

523 1408 866 1472 Praebente
897 1410 1119 1472 divos.-
1176 1409 1337 1472 Nam
1365 1407 1489 1485 tibi,
1504 1429 1623 1491 quo
1652 1408 1751 1473 die

613 1495 836 1557 Portus
864 1459 1254 1558 Alexandrea
1282 1494 1535 1577 supplex

697 1579 784 1643 Et
814 1602 1064 1643 vacuam
1093 1572 1379 1663 patefecit
1406 1579 1624 1659 aulam,

524 1665 797 1729 Fortuna
823 1667 1012 1728 lustro
1041 1686 1328 1749 prospera
1355 1665 1534 1727 tertio

524 1750 686 1814 Belli
716 1752 1008 1814 secundos
1037 1752 1300 1813 reddidit
1329 1750 1546 1829 exituS‚

613 1836 1004 1919 Laudemque
1037 1844 1098 1899 et
1127 1844 1396 1919 optatum
1426 1835 1685 1918 peractis

663 1974 678 1983 .
699 1921 978 2005 Imperiis
1008 1922 1190 1985 decus
1221 1921 1544 2005 arrogavit.

523 2005 610 2070 Te
644 2006 950 2071 Cantaber
977 2029 1095 2069 non
1124 2015 1262 2069 ante
1293 2007 1602 2070 domabilis

524 2091 869 2177 Medusque
925 2101 987 2155 et
1015 2093 1226 2171 Indu8‚
1255 2100 1317 2155 te
1349 2094 1639 2176 profugus
1672 2089 1933 2177 Scythes

611 2177 898 2256 Miratur,
929 2199 963 2240 o
995 2177 1184 2241 tutela
1213 2199 1496 2261 praesens

701 2262 916 2327 Italiae
949 2263 1339 2363 dominaeque
1370 2263 1619 2327 Romae.
1707 2295 1716 2304 ·

528 2348 615 2410 Te
647 2349 896 2411 fontium
927 2350 1028 2432 qui
1060 2350 1220 2412 celat
1247 2350 1506 2431 origines

528 2433 830 2517 Nilusque
885 2442 948 2497 et
977 2434 1159 2511 Ister,
1189 2441 1252 2497 te
1284 2434 1529 2517 rapidus
1558 2433 1779 2517 Tigris,

610 2518 700 2583 Te
751 2516 1030 2582 beluosus
1061 2520 1164 2601 qui
1193 2521 1435 2582 remotis

706 2603 925 2668 Obstre
929 2606 1016 2688 pit
1047 2603 1325 2668 Oceanus
1355 2604 1685 2685 Britannis,

531 2688 620 2751 Te
649 2712 766 2751 non
799 2690 1072 2773 paventis
1100 2691 1315 2753 funera
1346 2688 1579 2753 Galliae

530 2774 858 2858 Duraeque
887 2777 1067 2839 tellus
1097 2776 1268 2838 audit
1295 2776 1608 2854 Hiberiae,

614 2860 702 2924 Te
733 2860 918 2924 caede
952 2860 1285 2943 gaudentes
1319 2859 1623 2945 Sigambri

705 2944 1054 3031 Compositis
1085 2954 1451 3010 venerantur
1480 2946 1679 3010 armis.

879 3372 1625 3465 crumnis-xv,-

538 3712 843 3778 PHOEBUS
873 3716 1171 3779 volentem
1201 3714 1428 3798 proelia
1454 3735 1550 3777 me
1580 3712 1745 3812 loqui

538 3799 755 3865 Victas
788 3807 851 3863 et
878 3802 1058 3864 urbes
1087 3800 1386 3884 increpuit
1414 3801 1572 3885 lyra,

1227 4066 1505 4228 91:⁶4
1544 4060 1610 4162 ς)
1654 4002 1821 4116 2⁴13

1335 4349 1367 4368 s

2180 296 2263 359 99

2148 2364 2263 2417 ‘⁴5
