2742 4417
518 334 647 398 190
1347 350 1793 399 Ems‘romnum

521 503 639 577 Qui
669 504 893 568 fodicet
919 505 1081 567 latus
1112 511 1175 567 et
1204 511 1384 585 cogat
1414 510 1579 567 trans
1610 504 1878 587 pondera
1906 503 2180 569 dextram

526 591 863 673 Porrigere.
955 596 997 627 ‘⁶
1028 590 1149 652 Hic
1180 591 1478 653 multum
1463 613 1524 652 m
1557 591 1744 653 Fabia
1773 590 1957 669 valet,
1989 592 2087 655 ille
2121 592 2392 691 Velina·
2373 640 2392 671 ,

522 676 635 739 Cui
669 678 812 739 libet
841 677 938 739 hic
969 677 1163 739 fasces
1195 675 1361 738 dabit
1391 676 1724 759 eripietque
1755 697 1864 739 cui
1867 677 1964 739 ule

523 762 637 825 Cui
666 766 828 826 volet
853 764 1228 845 importunus
1260 763 1430 825 ebur.
1438 762 1478 791 '’
1570 762 1810 840 Frater,
1844 762 2054 841 Pater,
2085 763 2288 827 adde·
2268 809 2289 842 ‚

522 848 612 911 Ut
642 849 857 931 cuique
890 858 985 911 est
1015 857 1181 911 aetas
1212 848 1297 910 ita
1327 870 1627 947 quemque
1658 848 1891 911 facetus
1923 850 2158 933 adopta.
2413 888 2420 893 ·
2529 868 2583 917 55

522 933 589 996 Si
620 935 771 997 bene
804 935 904 1018 qui
939 949 1153 997 coenat
1184 934 1337 997 bene
1369 934 1536 1009 vivit,
1567 936 1750 1011 lucet,
1781 956 1986 997 eamus

520 1019 653 1092 Quo
685 1020 853 1083 ducit
882 1021 1065 1103 gula3
1112 1020 1434 1111 piscemur‚
1466 1041 1776 1097 venemur,
1805 1030 1876 1082 ut
1902 1021 2045 1083 olim

521 1106 850 1189 Gargilius,
885 1107 988 1189 qui
1020 1128 1191 1169 mane
1200 1108 1454 1189 plagaS,
1488 1107 1804 1184 venabula,
1837 1128 2042 1169 servos

519 1191 839 1255 Differtum
870 1192 1125 1255 transire
1155 1193 1351 1254 forum
1381 1193 1783 1275 populumque
1805 1193 2084 1275 jubebat,

518 1276 697 1341 Unus
726 1285 796 1339 ut
826 1300 859 1339 e
891 1278 1091 1339 multis
1121 1279 1337 1360 populo
1368 1270 1681 1359 spectante
1712 1279 1970 1341 referret
2528 1298 2582 1347 σο

518 1362 806 1445 Emptum
835 1365 1029 1425 mulus
1060 1385 1294 1445 aprum.
1387 1363 1574 1425 Crudi
1605 1364 1934 1446 tumidique
1967 1365 2258 1441 lavemur,

520 1448 678 1523 Quid
710 1449 944 1526 deceat,
977 1450 1122 1532 quid
1152 1471 1291 1549 non,
1324 1438 1528 1528 obliti,
1546 1448 1786 1513 Caerite
1819 1472 1963 1513 cera

516 1534 726 1617 Digni,
758 1536 1071 1617 remigium
1104 1536 1380 1598 vitiosum
1408 1534 1743 1599 Ithacensis
1775 1535 2002 1616 Ulixei,

520 1620 656 1683 Cui
652 1622 855 1703 potior
888 1622 1081 1705 patria
1109 1622 1223 1683 fuit
1251 1621 1578 1685 interdicta
1607 1622 1899 1710 voluptas·

521 1705 608 1783 Si,
644 1708 1033 1770 Mimnermus
1065 1708 1152 1769 uti
1182 1714 1412 1786 censet,
1443 1708 1571 1769 sine
1603 1728 1804 1769 amore
1837 1707 2108 1791 jocisque
2211 1770 2217 1775 ,
2342 1712 2350 1718 ’
2519 1722 2578 1773 65

516 1792 623 1855 Nil
656 1803 748 1856 est
767 1794 1126 1877 jucundum,
1158 1793 1323 1855 vivas
1355 1794 1417 1855 in
1451 1814 1650 1855 amore
1672 1794 1970 1877 jocisque.
2531 1786 2542 1797 ”

514 1878 699 1949 Vive,
734 1882 885 1942 vale.
982 1878 1046 1942 Si
1079 1879 1223 1962 quid
1253 1879 1468 1942 novisti
1500 1880 1726 1941 rectius
1759 1880 1886 1941 istis

518 1963 826 2029 Candidus
855 1966 1133 2049 imperti3
1180 1965 1229 2027 si
1259 1987 1378 2027 non
1409 1966 1500 2027 his
1531 1972 1706 2028 utere
1737 1986 1994 2027 mecum.

1178 2378 1694 2454 EPISTOLA
1750 2368 1942 2492 vn}

486 2560 812 2643 ,QUINQUE
843 2560 970 2625 dies
1000 2561 1107 2624 tibi
1136 2561 1434 2646 pollicitus
1463 2583 1558 2623 me
1590 2582 1730 2623 rure
1761 2560 2055 2639 futurum,

519 2648 810 2711 Sextilem
842 2655 1033 2709 totum
1064 2648 1322 2710 mendax
1353 2646 1678 2709 desideror.
1771 2646 1964 2728 Atqui

520 2733 587 2797 Si
617 2756 711 2796 me
746 2734 945 2795 viveie
979 2734 1065 2797 vis
1098 2755 1307 2795 sanum
1340 2740 1626 2816 recteque
1661 2733 1982 2807 valentem,

515 2819 710 2892 Quam
740 2820 882 2881 mihi
913 2814 1020 2882 das
1052 2842 1234 2902 aegro
1266 2818 1435 2881 dabis
1469 2826 1783 2900 aegrotare
1817 2814 2071 2893 timenti,

516 2905 861 2982 Maecenas,
895 2906 1151 2983 veniam,
1184 2905 1325 2967 dum
1353 2905 1505 2967 ficus
1545 2904 1738 2988 prima
1767 2904 2045 2985 calorque
2258 2917 2262 2921 ·
2545 2914 2577 2963 b

517 2990 973 3073 Designatorem
1005 2992 1250 3053 decorat
1279 2990 1586 3053 lictoribus
1623 2990 1790 3065 atris,

516 3076 673 3140 Dum
705 3077 906 3161 pueris
937 3078 1125 3139 omnis
1156 3084 1329 3159 pater
1361 3086 1425 3139 et
1455 3076 1788 3139 matercula
1817 3076 2024 3158 pallet,

515 3162 909 3245 officiosaque
942 3163 1231 3226 sedulitas
1262 3168 1325 3223 et
1354 3163 1550 3245 opella
1579 3161 1832 3225 forensis

509 3248 785 3312 Aslducit
814 3250 1012 3311 febres
1040 3256 1102 3310 et
1133 3254 1496 3311 testamenta
1523 3248 1804 3329 resignat.

511 3335 739 3410 Quodsi
768 3335 982 3397 bruma
1010 3334 1178 3397 nives
1208 3334 1464 3397 Albanis
1493 3332 1686 3395 illinet
1715 3333 1896 3414 agriS,
2526 3346 2572 3395 ια

514 3420 613 3484 Ad
646 3441 809 3483 mare
840 3419 1169 3483 descendet
1202 3428 1371 3483 vates
1402 3428 1542 3481 tuus
1574 3427 1637 3481 et
1665 3419 1774 3481 sibi
1805 3422 2016 3501 parcet

514 3504 993 3589 contractusque
1024 3508 1230 3588 leget3
1276 3511 1361 3582 te,
1395 3506 1586 3568 dulcis
1617 3505 1831 3582 amice,
1862 3502 2086 3566 reviset

514 3591 663 3653 Cum
692 3591 1008 3676 Zephyris,
1040 3594 1090 3654 si
1084 3554 1438 3668 ecoricedeffi
1471 3598 1532 3653 et
1563 3590 1884 3653 hirundine
1911 3590 2118 3671 prima.

512 3677 652 3739 Non
684 3699 801 3759 quo
832 3700 994 3741 more
1025 3673 1169 3762 piris
1202 3678 1362 3741 vesci
1397 3676 1653 3741 Calaber
1672 3675 1850 3759 jubet
1879 3676 2100 3756 hospes

510 3764 603 3825 Tu
636 3785 727 3825 me
758 3764 955 3826 fecisti
984 3765 1364 3847 locupletem.
1457 3769 1497 3799 “
1523 3762 1793 3825 Vescere
1825 3760 2062 3823 sodesss'
2453 3789 2464 3798 ·
2523 3774 2577 3822 12'

508 3854 549 3885 “
574 3849 618 3912 J
622 3870 719 3913 am
746 3850 891 3913 satis
922 3850 1081 3914 estss’
1159 3848 1308 3911 “At
1336 3858 1403 3912 tu
1435 3855 1727 3933 quantum
1757 3848 1845 3912 vis
1876 3847 2057 3909 tolle!
2042 3844 2082 3876 ’²
2159 3848 2200 3882 ‘⁶
2223 3838 2556 3928 Benigne!²
