2742 4417
741 335 1118 384 sarmARuzr
1159 336 1290 380 ΠΒ.
1335 335 1381 379 1.
1428 322 1652 380 SAT.'1.
2156 317 2302 383 125·

221 490 524 556 Praeterea
553 514 630 555 ne
663 490 772 569 sic,
803 498 872 553 ut
903 490 1003 573 qui
1025 490 1344 574 jocularia,
1376 490 1580 553 ridens

220 578 554 641 Percurram
591 580 992 662 (quamquam
1025 577 1320 639 ridentem
1355 576 1555 639 dicere
1591 598 1798 638 verum

221 662 358 736 Quid
390 664 597 727 vetat?
645 675 714 725 ut
745 664 942 747 pueris
973 664 1110 725 olim
1143 662 1290 724 dant
1321 664 1587 725 crustula
1618 662 1819 725 blandi
2216 676 2287 727 m
2380 710 2393 721 .

219 748 505 828 DoctoreS,
538 753 836 813 elementa
869 750 1052 812 velint
1083 756 1150 810 ut
1184 749 1417 812 discere
1451 750 1675 832 prima)
1693 770 1714 827 3

221 836 328 899 Sed
357 846 551 899 tamen
585 846 782 911 amoto
813 857 1174 919 quaeramus
1205 837 1362 897 seria
1394 836 1553 896 ludo·

215 922 312 984 Illc
343 946 579 1005 gravem
614 924 764 984 duro
797 931 1018 984 terram
1051 922 1154 1005 qui
1183 922 1368 984 vertit
1399 932 1619 999 aratro,

213 1008 467 1071 Perfidus
497 1010 594 1071 hic
627 1030 839 1091 caup0‚
873 1010 1062 1085 mileS‚
1094 1002 1437 1091 nautaeqffe
1469 1029 1577 1089 per
1606 1028 1779 1069 omne

212 1096 474 1173 Audacez
506 1117 672 1157 mare
707 1096 808 1177 qui
839 1103 1108 1169 currunt,
1139 1095 1249 1157 hac
1283 1103 1483 1177 mente
1516 1094 1778 1156 laborem
2219 1110 2283 1161 ao

216 1180 342 1243 Sese
374 1183 552 1258 ferre,
585 1203 761 1243 senes
795 1182 950 1241 utin
981 1182 1104 1243 otia
1136 1188 1266 1243 tuta
1297 1180 1609 1261 recedant,

211 1267 402 1344 Aiunt,
434 1268 620 1350 quum
651 1268 762 1329 sibi
793 1266 912 1328 sint
944 1274 1229 1348 congesta
1259 1267 1518 1329 cibaria:
1566 1266 1728 1328 sicut

212 1352 472 1427 Parvula,
507 1376 646 1427 nam
679 1353 948 1435 exemplo
981 1364 1090 1428 est,
1119 1353 1322 1435 magni
1354 1352 1599 1414 formica
1630 1351 1848 1414 laboris

213 1438 318 1501 Orc
351 1440 531 1501 trahit
562 1439 962 1521 quodcunque
997 1447 1192 1521 potest
1223 1446 1405 1521 atque
1438 1438 1607 1500 addit
1637 1458 1879 1516 acerve,

211 1522 382 1596 Quem
414 1525 594 1587 struit
625 1525 785 1587 haud
818 1526 1030 1607 ignara
1065 1546 1132 1587 ac
1164 1546 1281 1585 non
1313 1526 1557 1587 incauta
1586 1524 1791 1585 futuri.
2215 1542 2284 1591 35

210 1609 383 1690 Quae,
415 1612 589 1673 simul
623 1612 926 1673 inversum
961 1611 1276 1673 contristat
1305 1611 1615 1693 Aquarius
1647 1632 1892 1689 annum,
1980 1688 1987 1693 ἢ

207 1694 332 1759 Non
360 1718 614 1780 usquam
648 1698 914 1779 prorepit
944 1708 1006 1758 et
1036 1697 1150 1757 illis
1183 1697 1375 1758 utitur
1406 1706 1545 1758 ante

209 1781 487 1853 Quaesitis
520 1786 796 1865 sapiens;
843 1804 1026 1865 quum
1061 1790 1120 1845 te
1151 1804 1350 1864 neque
1381 1782 1648 1845 fervidus
1680 1789 1883 1845 aestus

205 1867 524 1931 Demoveat
554 1871 746 1946 lucre,
777 1890 974 1951 neque
1008 1870 1219 1943 hieme,
1251 1869 1428 1949 ignis,
1461 1890 1651 1947 mare,
1680 1868 1928 1949 fen-um,

205 1951 300 2016 Nil
327 1956 520 2017 obstet
551 1956 659 2016 tibi
689 1955 831 2015 dum
863 1976 938 2016 ne
971 1954 1056 2016 sit
1079 1962 1138 2017 te
1171 1954 1350 2016 ditior
1382 1955 1555 2017 alter.
2216 1977 2280 2023 ω

208 2039 349 2112 Quid
368 2042 545 2124 juvat
574 2042 928 2103 immensum
961 2050 1020 2102 te
1053 2040 1291 2123 argenti
1323 2040 1555 2123 pondus
1589 2046 1652 2103 et
1682 2040 1815 2103 auri

205 2124 417 2189 Furtim
450 2128 690 2189 defossa.
722 2126 992 2188 timidum
1023 2126 1324 2209 deponere
1359 2134 1527 2189 terra
1554 2125 1580 2188 ’Β

207 2212 420 2286 “Quod
453 2212 504 2275 si
535 2213 902 2278 comminuas
932 2213 1107 2273 vilem
1144 2212 1455 2294 redigatur
1482 2212 1561 2275 ad
1592 2210 1851 2275 assem.’'

205 2298 284 2361 At
311 2300 368 2367 ni
395 2300 457 2362 id
487 2300 556 2361 fit
587 2298 732 2381 quid
763 2299 942 2361 habet
973 2298 1205 2381 pulchri
1237 2307 1615 2361 constructus
1646 2292 1951 2361 acervus?

205 2383 360 2447 Milia
407 2386 692 2447 frumenti
725 2397 831 2446 tua-
857 2384 1096 2445 triverit
1124 2406 1266 2447 area
1295 2392 1563 2459 centum,
2212 2402 2279 2453 45

203 2466 328 2533 Non
361 2480 495 2533 tuus
527 2472 639 2533 hoc
673 2470 873 2553 capiet
902 2478 1116 2533 venter
1147 2472 1278 2553 plus
1311 2492 1381 2533 ac
1413 2492 1623 2535 meus:
1671 2477 1740 2533 ut
1768 2472 1819 2535 si

206 2554 530 2620 Reticulum
561 2557 732 2640 panis
759 2558 1006 2619 venales
1037 2557 1196 2623 inter
1227 2564 1441 2620 onusto

180 2638 366 2705 -Forte
399 2645 590 2723 vehas,
614 2644 883 2719 humerO,
915 2643 1098 2704 nihilo
1130 2644 1262 2725 plus
1293 2643 1554 2726 accipias
1584 2663 1787 2725 quam·

207 2726 309 2799 Qui
335 2730 412 2791 nil
443 2730 720 2813 portarit.
811 2728 933 2793 Vel
964 2728 1060 2791 dic
1093 2729 1236 2811 quid
1269 2730 1495 2791 referat
1522 2730 1683 2793 intra

203 2812 457 2877 Naturae
491 2817 642 2877 fines
675 2814 920 2893 viventi,
942 2810 1165 2897 jugera
1195 2826 1438 2877 centum
1470 2837 1549 2877 an
2209 2838 2275 2888 50

203 2896 356 2963 Mille
387 2912 519 2963 aret
545 2900 570 2963 ‘2
662 2906 702 2936 ‘⁴
726 2902 818 2963 At
846 2922 1032 2963 suave
1067 2908 1265 2963 est-ex
1295 2923 1513 2983 magno
1543 2903 1752 2965 tollere
1783 2902 2072 2966 acervo-’⁹

204 2983 350 3047 Dum
378 3010 450 3049 ex
480 3008 667 3071 parvo
697 2987 864 3049 nobis
895 2986 1252 3049 tantundem
1282 2988 1523 3050 haurire
1556 2988 1907 3071 relinquaS„

191 3068 315 3134 'Cur
346 3082 446 3137 tua
478 3075 610 3159 plus
642 3073 850 3135 laudes
883 3074 1141 3135 cumeris
1172 3074 1455 3154 gra-naria
1484 3073 1751 3155 nostris?

203 3154 284 3219 Ut
310 3158 410 3222 tibi
441 3160 492 3223 si
521 3160 599 3221 sit
629 3180 778 3242 opus
809 3158 1018 3241 liquidi
1049 3181 1167 3221 non
1200 3160 1454 3242 amplius
1486 3180 1661 3239 urna,

202 3240 310 3307 Vel
344 3247 580 3329 cyath0‚
612 3256 676 3307 et
705 3245 893 3323 dicem,
927 3252 966 3281 ‘⁶
997 3244 1226 3327 Magno
1257 3245 1333 3307 de
1363 3246 1606 3309 flumine
1638 3245 1837 3309 malim
2208 3266 2275 3319 55

204 3326 380 3401 Quam
410 3354 485 3394 ex
514 3334 626 3394 hoc
657 3332 942 3393 fonticulo
975 3330 1332 3393 tantundem
1363 3331 1667 3395 sumere.'’
1759 3332 1851 3395 Eo
1882 3332 1953 3399 fit

203 3413 427 3478 Plenior
454 3426 524 3479 ut
552 3418 601 3479 si
633 3439 782 3499 quos
816 3417 1082 3480 delectet
1111 3417 1282 3499 copia
1313 3419 1481 3500 justo

204 3499 342 3563 Cum
373 3504 496 3585 ripa
529 3504 703 3565 simul
736 3506 972 3566 avulsos
1003 3510 1165 3566 ferat
1193 3504 1457 3568 Aufidus
1488 3524 1647 3567 acer.

188 3585 281 3648 'At
307 3590 404 3671 qui
435 3590 650 3651 tantuli
681 3596 821 3671 eget
853 3601 1078 3673 quanto
1110 3598 1204 3652 est
1233 3612 1382 3673 opus
1414 3592 1463 3652 is
1493 3612 1691 3673 neque
1722 3590 1861 3653 limo

204 3670 507 3749 Turbatam
539 3677 740 3738 haurit
771 3697 990 3758 aquam
1019 3691 1217 3759 neque
1251 3676 1435 3739 vitam
1468 3677 1689 3739 amittit
1719 3677 1781 3738 in
1810 3675 2003 3739 undis.
2208 3695 2275 3745 6⁰

204 3756 452 3824 Athona
481 3784 620 3846 pars
651 3762 954 3825 hominum
987 3762 1245 3846 decepta.
1275 3764 1556 3845 cupidine
1588 3764 1761 3841 false,
2300 3788 2307 3793 ·

204 3844 355 3909 “Nil
381 3850 524 3911 satis
554 3848 714 3929 est‚''
748 3848 1238 3996 inquit31‘1quia
1269 3849 1420 3911 tanti
1451 3856 1745 3933 quantum
1772 3848 1997 3913 habeas
2026 3844 2172 3911 sis.’'
