2742 4417
996 334 1125 381 ΜΒ.
1160 315 1240 381 Π.’
1272 333 1410 382 sA‘r.
1455 336 1548 382 1v.

234 487 504 569 Dulcior3
532 488 768 582 irriguq
789 488 935 551 nihil
964 494 1057 552 est
1086 488 1305 553 elutius
1345 489 1539 554 horto.

236 571 300 635 Si
328 574 707 656 vespertinus
737 574 932 639 subito
962 581 1023 637 te
1054 576 1418 657 oppresserit
1445 576 1683 660 hospeS‚

230 659 328 722 Ne
361 661 587 742 gallina
616 661 837 722 malum
875 668 1187 743 responset
1216 660 1369 723 dura
1400 663 1621 744 palate,

229 744 463 808 Doctus
494 746 611 808 eris
643 746 839 809 vivam
872 746 1059 809 mixto
1092 767 1355 809 mersare
1389 748 1680 811 Falerno:

228 831 365 893 Hoc
398 839 669 894 teneram
698 832 901 895 faciet.
993 830 1386 895 Pratensibus
1415 835 1638 915 optima
1671 831 1875 915 fungis

226 916 471 979 Natura
500 925 627 979 est:
676 918 806 980 aliis
836 918 991 981 male
1024 918 1311 981 creditur.
1403 918 1517 981 Ille
1552 919 1821 983 salubres

226 1003 517 1065 Aestates
549 1010 800 1085 peraget
853 1002 956 1085 qui
986 1003 1189 1084 nigris
1204 1003 1456 1085 prandia
1487 1006 1664 1067 moris

224 1087 447 1165 Finiet‚
478 1096 620 1151 ante
652 1110 898 1169 gravem
928 1108 1083 1171 quae
1112 1088 1331 1170 legerit
1361 1088 1572 1155 arbore
1602 1091 1806 1153 solem.

224 1173 510 1236 Aufidius
530 1174 678 1236 'forti
708 1174 998 1237 miscebat
1026 1176 1205 1237 mella
1233 1175 1514 1252 Falerno,

224 1257 544 1337 Mendose‚
575 1260 853 1342 quoniam
883 1259 1087 1323 vacuis
1116 1261 1486 1325 committere
1518 1260 1685 1325 venis

224 1342 285 1404 N
289 1345 328 1407 il
358 1344 474 1407 nisi
504 1346 640 1407 lene
674 1344 886 1408 dece‘t:
935 1346 1056 1407 leni
1090 1346 1444 1428 praecordia
1474 1348 1694 1415 mulso.

224 1429 532 1493 Prolueris
562 1431 792 1493 melius.
889 1428 955 1493 Si
984 1430 1138 1493 dura
1166 1431 1492 1494 morabitur
1519 1433 1711 1512 alvuS,

222 1514 481 1578 Mitulus
512 1523 574 1578 et
603 1517 751 1581 viles
780 1517 1005 1599 pellent
1032 1517 1329 1579 obstantia
1359 1518 1622 1580 conchae

224 1600 306 1663 Et
337 1602 569 1684 lapathi
600 1602 799 1669 brevis
828 1602 1037 1687 herba,
1070 1601 1176 1665 sed
1209 1603 1342 1665 albo
1370 1624 1490 1665 non
1519 1603 1646 1665 sine
1685 1600 1830 1667 Coo·

222 1684 488 1750 Lubrica
516 1695 835 1751 nascentes
866 1686 1116 1770 implent
1145 1689 1459 1771 conchylia
1494 1689 1672 1751 lunae
1703 1707 1720 1764 ;

227 1770 349 1835 Sed
381 1793 701 1851 nonomne
734 1794 897 1836 mare
928 1780 1023 1837 est
1051 1794 1378 1855 generosae
1410 1774 1607 1839 fertile
1638 1779 1844 1839 testae.

222 1857 461 1921 Murice
494 1859 723 1937 Baiano
752 1860 961 1921 melior
990 1856 1253 1923 Lucrina
1281 1859 1522 1942 peloriS,

224 1942 449 2007 Ostrea
478 1943 749 2021 Circeiis,
779 1944 1015 2009 Miseno
1044 1945 1317 2007 oriuntur
1356 1945 1574 2024 echini,

221 2029 574 2093 Pectinibus
605 2030 822 2113 patulis
842 2032 1039 2114 jactat
1068 2051 1132 2093 se
1162 2032 1337 2099 molle
1368 2031 1719 2094 Tarentum.

222 2113 359 2178 Nec
392 2115 502 2177 sibi
532 2116 1075 2199 coenarumquivis
1106 2126 1330 2179 temere
1352 2116 1604 2199 adroget
1633 2122 1849 2195 artem,

222 2200 365 2263 Non
400 2201 563 2282 prius
593 2208 807 2265 exacta
836 2201 1003 2264 tenui
1033 2202 1259 2265 ratione
1290 2224 1589 2285 saporum.

221 2285 285 2348 N
287 2308 358 2349 ec
393 2286 537 2349 satis
569 2294 661 2350 est
713 2308 855 2361 cara
882 2288 1076 2371 pisces
1106 2294 1381 2352 avertere
1413 2308 1619 2353 mensa

219 2371 518 2455 Ignarum
570 2374 782 2455 quibus
812 2380 905 2437 est
924 2375 1028 2456 jus
1058 2374 1253 2457 aptius
1288 2381 1349 2437 et
1380 2375 1593 2457 quibus
1623 2371 1770 2437 assis
1840 2428 1844 2435 .

220 2457 573 2542 Languidus
604 2460 676 2521 in·
696 2460 960 2538 cubitum
979 2459 1108 2543 jam
1138 2478 1201 2523 se
1234 2460 1484 2523 conviva
1513 2465 1783 2543 reponet.

220 2544 456 2608 Umber
485 2552 547 2607 et
575 2545 761 2626 iligna
788 2545 1049 2607 nutritus
1080 2544 1297 2627 glande
1329 2546 1616 2609 rotundas

223 2630 455 2693 Curvat
483 2652 629 2715 aper
657 2632 857 2695 lances
887 2651 1129 2693 carnem
1158 2632 1402 2695 vitantis
1441 2632 1694 2693 inertem
1719 2651 1736 2691 ε

220 2715 383 2779 Nam
416 2716 685 2779 Laurens
716 2718 907 2781 malus
937 2724 1050 2794 est,
1080 2716 1231 2783 ulvis
1263 2724 1326 2779 et
1361 2717 1653 2784 arundine
1691 2713 1951 2799 pinguis.

219 2801 423 2865 Vinea
452 2802 747 2864 submittit
777 2823 1025 2884 capreas
1056 2824 1174 2865 non
1202 2823 1440 2885 semper
1469 2802 1696 2866 edules.

224 2885 271 2953 F
273 2887 544 2950 ecundae
573 2888 790 2970 leporis
820 2887 1055 2969 sapiens
1085 2888 1414 2951 sectabitur
1445 2908 1658 2951 armos·
1957 2964 1966 2973 .

222 2970 494 3036 Piscibus
525 2980 706 3055 atque
737 2973 943 3037 avibus
974 2994 1129 3056 quae
1158 2982 1376 3037 natura
1405 2981 1468 3035 et
1496 2974 1651 3036 foret
1680 2977 1850 3037 aetas

220 3058 387 3121 Ante
417 3079 615 3120 meum
646 3058 791 3119 nulli
822 3059 1018 3140 patuit
1047 3059 1319 3141 quaesita
1350 3060 1638 3141 palatum.

225 3142 381 3206 Sunt
410 3165 662 3227 quorum
692 3143 995 3225 ingenium
1024 3165 1181 3207 nova
1209 3151 1444 3207 tantum
1477 3144 1745 3207 crustula
1782 3140 2019 3226 promit·

220 3228 625 3313 Nequaquam
655 3229 798 3293 satis
827 3230 889 3291 in
919 3251 983 3293 re
1015 3250 1137 3292 una
1165 3250 1513 3293 consumere
1543 3242 1770 3309 curam,
1807 3270 1820 3283 .
1863 3305 1870 3311 .

219 3314 308 3378 Ut
336 3315 386 3377 si
417 3315 550 3398 quis
578 3316 767 3379 solum
796 3315 908 3377 hoc
962 3316 1120 3377 mala
1148 3336 1225 3377 ne
1255 3316 1376 3379 sint
1405 3316 1545 3379 vina
1594 3317 1846 3393 laboret,

222 3398 397 3472 Quali
427 3400 751 3483 perfundat
781 3400 975 3483 pisces
1008 3421 1256 3465 securus
1286 3402 1458 3463 olivo,

222 3484 483 3549 Massica
511 3486 561 3548 si
591 3487 756 3549 caelo
786 3507 1085 3569 suppones
1112 3487 1254 3551 vina
1282 3508 1494 3549 sereno

220 3572 535 3637 Nocturna
588 3572 639 3635 si
669 3572 813 3654 quid
844 3572 1030 3635 crassi
1062 3578 1157 3635 est
1210 3571 1556 3636 tenuabitur
1585 3592 1756 3651 aura,

222 3656 304 3719 Et
334 3657 591 3741 decedet
620 3657 766 3721 odor
792 3658 995 3721 nervis
1024 3658 1336 3733 inimicus3
1381 3664 1445 3721 at
1473 3659 1576 3729 illa

220 3742 532 3825 Integrum
563 3744 825 3825 perdunt
852 3743 973 3807 lino
1003 3744 1213 3807 vitiata
1240 3763 1535 3826 saporem.

224 3826 578 3895 Surrentina
606 3829 777 3893 vafer
804 3828 909 3913 qui
938 3830 1149 3895 miscet
1176 3830 1346 3895 faece
1377 3830 1639 3895 Falerna

2105 298 2110 303 ’
2187 322 2315 387 167⁸

2232 2562 2296 2611 40
