2742 4417
892 348 1058 413 ‚unt
1089 354 1134 400 1.
1178 352 1378 401 mus-r.
1423 354 1590 403 xv11.
1831 422 1834 425 ἡ
2003 330 2008 335 ’
2167 340 2296 405 203

210 510 349 577 Nec
380 511 531 575 vixit
556 510 711 573 male
740 508 845 594 qui
872 516 1049 572 natus
1080 508 1456 593 moriensque
1486 507 1718 573 fefellit.
2235 531 2296 579 ιο

212 597 283 661 Si
312 598 597 682 prodesse
629 597 747 659 tuis
776 596 1072 680 pauloque
1102 594 1463 694 benignius
1447 616 1642 677 ipsum

208 684 300 747 Te
333 692 597 747 tractare
629 683 811 759 voles,
844 682 1097 745 accedes
1128 681 1321 744 siccus
1353 681 1432 745 ad
1460 687 1732 744 unctum.

208 773 251 806 “
280 768 348 831 Si
378 770 705 857 pranderet
733 769 863 831 olus
895 767 1197 851 patienter
1225 767 1466 849 regibus
1498 767 1588 829 uti

207 854 277 917 N
278 856 423 917 ollet
453 852 829 953 Aristippus:
828 854 868 884 '’
945 858 987 889 “
1014 851 1079 915 Si
1109 852 1292 915 sciret
1319 852 1562 934 regibus
1591 851 1682 914 uti

205 939 543 1003 Fastidiret
572 941 700 1003 olus
730 940 833 1022 qui
862 960 957 1001 me
988 938 1225 1000 notat.'’
1315 936 1534 1000 Utrius
1563 938 1775 1000 horum
1959 928 1970 937 ’
2240 958 2296 1007 15

207 1026 425 1089 Verba
454 1026 667 1108 probes
700 1032 763 1087 et
791 1026 953 1088 facta
983 1023 1155 1101 doce,
1186 1023 1329 1085 vel
1302 1024 1506 1106 Junior
1536 1021 1679 1086 audi

210 1102 339 1175 Cui·
364 1112 450 1174 sit
476 1111 774 1209 Aristippi
803 1110 997 1194 potior
1026 1110 1366 1184 sententia3
1412 1129 1672 1207 namque

206 1196 565 1260 Mordacem
600 1196 689 1280 Gy
694 1196 893 1258 nicum
924 1195 1009 1258 sic
1042 1194 1350 1271 eludebat,
1384 1202 1452 1256 ut
1481 1194 1690 1257 aiunt.

180 1280 250 1319 “‘
280 1282 539 1346 Scurror
570 1304 682 1365 ego
711 1283 839 1363 ipse
869 1282 1035 1361 mihi,
1068 1281 1283 1363 populo
1314 1288 1425 1355 tu3
1471 1280 1699 1342 rectius
1730 1278 1842 1342 hoc
1877 1285 1941 1343 et

212 1367 257 1431 S
260 1368 605 1453 plendidius
636 1369 823 1432 multo
852 1375 965 1429 est.
1057 1366 1269 1447 Equus
1299 1374 1371 1427 ut
1396 1368 1492 1427 ine
1523 1371 1744 1448 portet,
1775 1366 1901 1429 alat
1929 1386 2061 1446 rex,
2231 1386 2296 1435 20

211 1392 494 1517 Officium
523 1440 717 1516 facioi
767 1460 835 1515 tu
866 1452 1058 1535 poscis
1088 1452 1229 1513 vilia
1257 1472 1482 1529 rerum,
2291 1474 2295 1479 ⁴

206 1535 422 1603 Dante
448 1539 640 1601 minor
668 1540 942 1621 quamvis
972 1539 1095 1600 fers
1126 1544 1189 1599 te
1216 1537 1438 1599 nullius
1472 1536 1820 1619 egentemss'

209 1624 424 1689 Omnis
457 1625 836 1725 Aristippum
866 1624 1071 1686 decuit
1101 1623 1263 1685 color
1292 1634 1355 1683 et
1384 1629 1577 1685 status
1609 1630 1671 1683 et
1699 1642 1820 1702 ree,

205 1711 574 1773 Tentantem
603 1712 851 1792 majora,
882 1710 1009 1772 fere
1041 1709 1456 1808 praesentibus
1486 1729 1764 1790 aequum.

208 1792 443 1859 Contra
472 1817 653 1879 quem
684 1795 905 1895 duplici
939 1806 1135 1878 panno
1166 1793 1460 1877 patientia
1488 1795 1652 1856 velat
2232 1814 2298 1863 25

203 1881 485 1945 Mirabor
514 1882 673 1945 vitae
706 1882 805 1943 tia
832 1882 883 1948 si
915 1900 1209 1943 conversa
1239 1880 1495 1941 decebit.
1597 1938 1604 1943 .

201 1968 391 2031 Alter
421 1989 791 2050 purpureum
821 1989 938 2030 non
972 1966 1345 2049 exspectabit
1377 1965 1683 2042 amictum,
1739 2043 1744 2047 .

204 2051 522 2126 Quidlibet
549 2053 793 2115 indutus
824 2053 1211 2115 celeberrima
1240 2072 1350 2150 per
1378 2052 1510 2114 loca
1541 2050 1741 2132 vadet,

201 2130 662 2222 Personamque
694 2140 851 2201 feret
880 2160 999 2201 non
1030 2138 1422 2200 inconcinnus
1451 2144 1809 2221 utramque·
1791 2183 1810 2216 ‚
2291 2194 2295 2201 .

201 2226 392 2288 Alter
421 2224 621 2287 Mileti
653 2232 877 2287 textam
910 2245 1058 2286 cane
1090 2225 1261 2307 pejus
1292 2230 1355 2285 et
1385 2224 1568 2305 angui
2235 2242 2299 2293 ao

201 2310 450 2375 Vitabit
480 2310 881 2394 chlamydem,
914 2310 1201 2372 morietur
1228 2309 1450 2390 frigore
1481 2310 1531 2371 si
1561 2331 1680 2373 non

200 2396 547 2459 Rettuleris
577 2417 861 2479 pannum.
952 2396 1140 2457 Refer
1171 2402 1235 2457 et
1262 2396 1390 2457 sine
1423 2394 1584 2458 vivat
1611 2396 1866 2479 ineptus-

198 2481 335 2545 Res
367 2503 585 2564 gerere
616 2488 679 2543 et
708 2489 915 2580 captos
945 2481 1260 2543 ostendere
1292 2481 1521 2544 civibus
1551 2481 1753 2544 hostes

198 2568 483 2650 Attingit
512 2568 720 2630 solium
748 2567 793 2629 J
796 2588 921 2629 ovis
952 2574 1016 2629 et
1045 2567 1329 2629 caelestia
1358 2574 1593 2629 tentat.

200 2652 591 2736 Principibus
622 2653 920 2735 placuisse
950 2653 1093 2715 viris
1121 2674 1241 2714 non
1274 2653 1485 2713 ultima
1512 2652 1644 2715 laus
1673 2658 1786 2716 est.
2230 2670 2296 2719 35

198 2737 264 2802 N
267 2762 351 2802 on
383 2738 574 2801 cuivis
604 2738 824 2800 homini
856 2739 1149 2821 contingit
1179 2738 1344 2799 adire
1380 2736 1748 2801 Corinthum.

202 2824 387 2887 Sedit
417 2824 521 2908 qui
552 2824 751 2887 timuit
778 2845 855 2885 ne
885 2845 1005 2886 non
1035 2824 1408 2887 succederet.
1498 2823 1688 2889 Esto!

200 2909 371 2983 Quid
400 2910 506 2993 qui
536 2910 833 2993 pervenit,
863 2910 1085 2973 fecitne
1117 2907 1414 2971 viriliter?
1491 2909 1688 2993 Atqui

197 2995 325 3060 Hic
364 3004 460 3058 est
489 3003 596 3059 aut
624 3017 921 3079 nusquam
952 2995 1111 3078 quod
1142 2994 1503 3078 quaerimus·
1594 2995 1716 3059 Hic
1749 3015 1898 3060 onus
1926 2994 2156 3075 horret,

196 3080 289 3146 Ut
320 3082 527 3165 parvis
558 3082 769 3143 animis
800 3089 863 3143 et
893 3103 1075 3165 parvo
1108 3101 1353 3162 corpore
1384 3082 1604 3163 majus:
2225 3099 2292 3146 4ο

196 3166 323 3231 Hic
360 3167 521 3230 subit
551 3175 615 3229 et
644 3168 897 3250 perfert.
988 3167 1122 3229 Aut
1149 3166 1339 3228 virtus
1368 3187 1584 3229 nomen
1613 3166 1788 3229 inane
1820 3171 1936 3247 est,

195 3253 337 3316 Aut
369 3253 555 3315 decus
588 3260 651 3315 et
679 3253 939 3335 pretium
967 3260 1134 3314 recte
1166 3251 1317 3334 petit
1347 3253 1660 3335 experiens
1690 3253 1798 3315 vir.

198 3338 426 3402 Coram
455 3360 601 3421 rege
632 3360 742 3400 suo
773 3338 850 3400 de
882 3344 1237 3420 paupertate
1271 3343 1543 3400 tacentes

196 3420 350 3488 Plus
380 3431 668 3507 poscente
699 3424 939 3499 ferent3
986 3424 1171 3485 distat
1202 3444 1479 3486 sumasne
1511 3421 1810 3505 pudenter

195 3509 301 3572 An
335 3509 557 3592 rapias.
648 3509 843 3591 Atqui
872 3530 1074 3571 rerum
1106 3516 1293 3590 caput
1320 3510 1434 3571 hoc
1465 3515 1618 3587 erat,
1648 3509 1748 3571 hic
1776 3508 1927 3573 fons.
2135 3539 2142 3543 ·
2221 3527 2288 3579 45

196 3600 234 3632 “
266 3594 563 3658 Indotata
592 3594 735 3669 mihi
765 3615 931 3657 soror
962 3602 1073 3671 est,
1102 3595 1471 3677 paupercula
1500 3602 1716 3674 mater,

196 3678 280 3744 Et
310 3680 543 3743 fundus
573 3700 686 3742 nec
718 3680 1029 3742 vendibilis
1059 3701 1171 3742 nec
1204 3700 1452 3760 pascere
1483 3680 1755 3759 firmuS,”

199 3764 319 3839 Qui
350 3766 523 3844 dicit,
554 3767 798 3844 clamat,
843 3771 883 3803 “
908 3765 1157 3829 Victum
1188 3765 1398 3827 date.'
1358 3764 1398 3795 ''
1493 3764 1767 3829 Succinit
1795 3766 1987 3831 alter:

198 3856 235 3892 “
257 3853 349 3917 Et
379 3814 525 3916 mihi
554 3850 797 3917 dividuo
824 3850 1089 3938 findetur
1118 3872 1365 3915 munere
1397 3851 1688 3936 quadra·''
