2742 4417
989 328 1117 375 nm.
1160 327 1234 375 11.
1283 326 1418 376 sAT.
1463 327 1613 377 vm.
2199 315 2328 401 139

225 483 522 547 Audieris
550 483 780 547 melius.
872 482 1027 546 Tum
1055 482 1337 547 Vibidius
1366 483 1718 547 Balatroni:
1781 508 1788 517 ·

224 568 361 634 Nos
392 570 506 633 nisi
538 570 818 633 damnose
848 570 1105 633 bibimus
1134 571 1457 633 moriemur
1484 571 1700 633 inulti:

222 654 311 719 Et
344 657 565 719 calices
597 656 786 737 poscit
814 657 1088 741 majores.
1175 655 1441 719 Vertere
1481 658 1670 740 pallor
2259 678 2322 728 35

223 741 383 805 Tum
415 743 659 826 parochi
690 742 905 805 facicm
934 743 1020 804 nil
1050 742 1135 827 sic
1166 742 1488 805 metuentis
1519 750 1590 804 ut
1620 763 1791 805 acres

222 827 505 907 Potores,
537 830 632 891 vel
665 828 825 912 quod
854 829 1009 891 male
1041 828 1250 890 dicunt
1279 828 1524 891 liberius
1554 829 1652 890 vel

220 913 494 977 Fervida
522 915 681 998 quod
714 915 928 977 subtile
961 914 1294 977 exsurdant
1324 915 1464 997 vina
1494 914 1778 997 palatum.

220 1000 554 1063 Invertunt
582 1001 863 1063 Allifanis
896 1001 1127 1063 vinaria
1150 1007 1277 1063 tota
1899 1072 1908 1081 .

218 1085 509 1149 Vibidius
540 1086 935 1169 Balatroque,
966 1087 1189 1149 secutis
1220 1085 1536 1160 omnibus;
1578 1085 1681 1149 imi
2013 1104 2030 1120 ·
2257 1110 2321 1157 40

218 1171 531 1235 Convivae
562 1173 705 1236 lecti
735 1172 985 1235 nihilum
1014 1193 1276 1235 nocuere
1306 1173 1562 1253 lagenis.
1756 1169 1768 1180 ’

214 1258 501 1321 Affertur
530 1260 775 1341 squillas
804 1259 963 1321 inter
994 1279 1284 1321 muraena
1312 1265 1593 1321 natantes

213 1343 293 1406 In
327 1344 537 1428 patina
566 1352 865 1428 porrecta.
961 1343 1089 1408 Sub
1117 1345 1229 1407 hoc
1258 1344 1480 1407 herus.
1529 1344 1739 1407 ‘Haec
1770 1344 2065 1427 gravida,’
2098 1342 2315 1431 inquit,

214 1436 233 1467 ‘
258 1429 474 1530 Capta
492 1437 608 1507 est,
644 1431 908 1493 deterior
937 1440 1071 1514 post
1100 1438 1341 1513 partum
1371 1451 1553 1492 carne
1584 1430 1806 1493 futura.

212 1516 337 1580 His
366 1510 620 1579 mixtum
642 1517 745 1601 jus
776 1524 912 1579 est.
961 1518 1090 1579 oleo
1120 1517 1279 1599 quod
1312 1517 1504 1599 prima
1534 1514 1791 1579 Venafri
2249 1537 2314 1585 45

210 1602 455 1666 Pressit
484 1604 680 1679 cella3
728 1624 874 1685 garo
906 1602 981 1665 de
1012 1603 1207 1665 succis
1238 1603 1417 1686 piscis
1450 1602 1703 1679 Hiberi;

208 1688 380 1751 Vino
413 1689 807 1788 quinquenni,
839 1709 1048 1751 verum
1080 1689 1233 1752 citra
1261 1710 1426 1751 mare
1458 1697 1622 1766 nato,

208 1774 381 1837 Dum
415 1776 696 1858 coquitur
713 1812 797 1823 —-
817 1783 987 1839 cocto
1020 1774 1237 1838 Chium
1266 1775 1353 1837 sic
1385 1776 1686 1852 convenit,
1717 1781 1786 1837 ut
1813 1796 1932 1838 non

211 1860 351 1925 Hoc
387 1863 581 1944 magis
611 1863 797 1924 ullum
829 1861 991 1924 aliud
1016 1862 1365 1944 ;—pipere
1398 1862 1554 1939 albo,
1587 1882 1707 1923 non
1737 1862 1863 1925 sine
1895 1865 2092 1939 acet0,

206 1946 395 2021 Quod
426 1947 920 2027 Methymnaeam
952 1948 1097 2010 vitio
1128 1948 1456 2010 mutaverit
1479 1970 1682 2011 uvam.
2243 1963 2314 2015 ω

210 2032 453 2096 Erucas
485 2033 727 2111 virides,
757 2033 951 2096 inulas
983 2055 1096 2116 ego
1126 2034 1353 2117 primus
1370 2054 1620 2097 amaras

206 2119 599 2183 Monstravi
583 2140 951 2219 1ncoquere3
997 2119 1215 2183 inlutos
1251 2119 1540 2184 Curtillus
1572 2120 1838 2220 echinos,
1898 2163 1907 2171 -
1970 2146 1983 2156 ·

210 2206 301 2270 Ut
332 2206 551 2269 melius
581 2207 775 2269 muria
806 2167 967 2289 quod
998 2213 1157 2269 testa
1185 2207 1418 2269 marina
1447 2207 1734 2269 remittat.
1741 2207 1758 2237 ’

208 2290 462 2355 Interea
491 2314 782 2375 suspensa
812 2314 1027 2375 graves
1058 2294 1272 2356 aulaea
1298 2293 1546 2356 ruinas
2078 2342 2086 2352 ,

201 2376 284 2442 In
312 2379 587 2461 patinam
617 2379 841 2457 fecere,
872 2379 1176 2441 trahentia
1205 2380 1470 2462 pulveris
1505 2379 1622 2442 atri
2241 2400 2314 2453 ω

202 2464 523 2565 Quantum
552 2486 670 2527 non
702 2465 927 2547 Aquilo
962 2462 1284 2548 Campanis
1317 2468 1542 2527 excitat
1571 2464 1750 2548 agris.

200 2545 343 2613 Nos
373 2551 569 2635 majus
598 2551 774 2613 veriti
804 2557 1123 2634 postquam
1153 2552 1298 2613 nihil
1330 2572 1461 2613 esse
1493 2551 1703 2634 pericli

205 2636 525 2700 Sensimus
556 2636 860 2719 erigimur.
953 2636 1154 2699 Rufus
1188 2638 1375 2720 posito
1407 2638 1626 2720 capite,
1661 2643 1733 2699 ut
1760 2636 1812 2701 si

201 2722 401 2787 Filius
430 2690 785 2785 immaturus
819 2724 1064 2801 obisset,
1094 2724 1262 2785 flere.
1360 2722 1508 2796 Quis
1541 2726 1702 2786 esset

200 2808 378 2873 Finis
409 2809 472 2871 ni
502 2809 741 2891 sapiens
771 2810 855 2871 sic
888 2808 1307 2892 Nomentanus
1338 2809 1595 2872 amicum
2240 2830 2307 2881 60

201 2896 513 2958 Tolleret:
560 2902 578 2930 ⁶
607 2895 775 2973 Heu,
807 2895 1097 2973 Fortuna,
1128 2896 1262 2978 quis
1294 2904 1388 2957 est
1419 2895 1720 2958 crudelior
1748 2894 1809 2957 in
1839 2914 1948 2958 nos

201 2981 295 3045 Te
327 2979 531 3043 deus?
618 2980 708 3045 Ut
738 2982 976 3064 semper
1007 2981 1236 3064 gaudes
1265 2981 1519 3044 illudere
1550 2982 1730 3044 rebus

200 3066 547 3132 Humanis!
572 3067 589 3097 ’
680 3067 907 3130 Varius
937 3089 1155 3151 mappa
1186 3088 1566 3150 compescere
1599 3068 1784 3130 risum

200 3153 332 3217 Vix
361 3159 624 3237 poterat.
716 3153 967 3217 Balatro
998 3154 1371 3236 suspendens
1403 3154 1600 3217 omnia
1629 3175 1798 3232 nas0,

200 3246 219 3276 ‘
244 3240 427 3303 Haec
458 3246 553 3301 est
582 3239 853 3303 condicio
884 3239 1166 3313 vivendi‚’
1202 3239 1422 3318 aiebat,
1453 3245 1470 3276 ‘
1494 3260 1685 3322 eoque
2240 3258 2307 3308 ω

200 3326 597 3410 Responsura
629 3332 732 3389 tuo
761 3347 1071 3409 nunquam
1103 3333 1196 3389 est
1226 3347 1336 3409 par
1364 3327 1525 3391 fama
1552 3325 1762 3388 labori.

201 3413 371 3476 Tene
404 3420 477 3474 ut
510 3434 624 3495 ego
656 3412 920 3495 accipiar
948 3414 1112 3475 laute
1144 3413 1484 3495 torquerier
1513 3410 1672 3474 omni

205 3498 628 3561 Sollicitudine
659 3498 1020 3577 districtum,
1051 3520 1128 3561 ne
1161 3498 1331 3581 panis
1362 3498 1637 3576 adustus,

202 3584 306 3648 Ne
339 3586 496 3647 male
529 3584 883 3647 conditum
855 3606 959 3668 Jus
992 3591 1349 3668 apponatur,
1383 3591 1452 3645 ut
1481 3604 1686 3646 omnes

202 3671 554 3735 Praecincti
584 3677 751 3733 recte
783 3671 954 3754 pueri
986 3671 1325 3753 comptique
1356 3666 1731 3734 ministrent!
2236 3685 2303 3738 70

200 3757 389 3821 Adde
420 3757 529 3819 hos
560 3764 878 3856 praeterea
908 3778 1105 3835 casuS‚
1138 3757 1351 3819 aulaea
1388 3764 1566 3819 ruant
1597 3756 1649 3817 si

202 3842 297 3907 Ut
323 3844 542 3907 modo·
525 3890 543 3921 ,
591 3843 642 3906 si
672 3842 939 3927 patinam
969 3843 1124 3927 pede
1152 3844 1358 3927 lapsus
1388 3842 1630 3925 frangat
1661 3860 1864 3924 agaso.
