2742 4417
1302 372 1651 421 CARMINUM

771 526 1236 593 Desiderantem
1266 528 1427 611 quod
1457 527 1603 591 satis
1632 532 1727 590 est
1752 546 1951 609 neque

772 614 1230 678 Tumultuosum
1261 614 1543 677 sollicitat
1571 634 1759 690 mare,

865 699 1001 762 Nec
1031 718 1248 761 saevus
1276 697 1531 762 Arcturi
1560 697 1833 761 cadentis

911 865 916 868 -
948 784 1220 867 Impetus
1276 793 1383 847 aut
1410 785 1657 847 orientis
1686 781 1915 862 Haedi,

775 870 918 934 Non
949 870 1298 932 verberatae
1329 869 1620 951 grandine
1652 870 1861 931 vineae

772 956 1146 1038 Fundusque
1177 954 1455 1029 mendax,
1486 956 1701 1018 arbore
1730 974 1893 1017 nune
1924 971 2115 1037 aquas

729 1072 742 1083 ·
863 1040 1160 1122 culpante
1213 1062 1375 1103 nunc
1405 1042 1695 1103 torrentia
1722 1058 1899 1122 agros

947 1125 1164 1189 Sidera
1213 1146 1372 1189 nunc
1404 1127 1629 1189 hiemes
1656 1125 1911 1207 iniquas.

779 1209 1108 1274 Contracta
1135 1210 1328 1293 pisces
1359 1232 1623 1295 aequora
1650 1210 1919 1273 sentiunt

769 1296 816 1360 J
819 1298 968 1359 actis
998 1297 1060 1359 in
1089 1297 1276 1359 altum
1305 1296 1557 1367 molibus
1584 1317 1599 1372 ;
1645 1296 1763 1358 huc
1802 1296 2089 1378 frequens

863 1381 1192 1445 Caementa
1222 1382 1483 1445 demittit
1520 1381 1863 1465 redemptor

950 1465 1104 1530 Cum
1134 1468 1372 1531 famulis
1424 1467 1815 1549 dominusque
1845 1472 2045 1529 terrae

773 1551 1160 1616 Fastidiosus.
1215 1550 1340 1615 Sed
1370 1552 1572 1615 Timor
1600 1558 1665 1614 et
1691 1552 1897 1615 Minae

776 1635 1093 1701 Scandunt
1121 1638 1330 1701 eodem
1386 1659 1504 1721 quo
1534 1637 1826 1719 dominus,
1885 1654 2085 1720 neque

862 1722 1124 1786 Decedit
1153 1732 1360 1787 aerata
1388 1724 1637 1802 triremi,
1667 1729 1733 1785 et

947 1808 1096 1873 Post
1124 1809 1389 1892 equitem
1418 1808 1591 1871 sedet
1620 1816 1753 1871 atra
1782 1806 1966 1871 Oura.

661 1952 676 1959 -
776 1886 1004 1965 Quodsi
1053 1894 1357 1957 dolentem
1386 1911 1503 1955 nec
1538 1893 1845 1977 Phrygius
1871 1890 2025 1977 lapis

772 1976 838 2040 N
841 1999 910 2040 ee
941 2000 1341 2061 purpurarum
1371 1978 1566 2041 sidere
1599 1980 1815 2041 clarior

861 2062 1108 2126 Delenit
1137 2085 1280 2127 usus
1334 2084 1449 2127 nec
1479 2064 1740 2127 Falerna

946 2148 1108 2213 Vitis
1162 2150 1758 2235 Achaemeniumque
1790 2154 2047 2233 costum,

777 2230 904 2295 Cur
930 2231 1265 2298 invidendis
1295 2236 1561 2318 postibus
1588 2241 1654 2297 et
1680 2256 1835 2299 novo

777 2315 1044 2382 Sublime
1074 2321 1195 2383 ritu
1223 2321 1434 2384 moliar
1462 2312 1731 2384 atrium?

865 2402 992 2467 Our
1021 2407 1175 2468 valle
1205 2413 1540 2490 permutem
1576 2405 1805 2499 Sabina

943 2490 1202 2555 Divitias
1232 2490 1651 2576 operosiores?

1155 2911 1613 2979 CARMEN
1670 2912 1805 2980 II.

773 3082 1141 3146 ANGUSTAM
1172 3085 1361 3148 amice
1391 3086 1739 3169 pauperiem
1765 3085 1893 3171 pati

773 3168 1079 3233 Robustus
1109 3171 1235 3233 acri
1264 3171 1475 3235 militia
1503 3191 1655 3256 puer

853 3253 1196 3334 Condiscat,
1229 3264 1292 3319 et
1321 3257 1579 3320 Parthos
1606 3258 1839 3321 feroces

945 3340 1148 3405 Vexet
1177 3362 1368 3424 eques
1396 3343 1755 3406 metuendus
1783 3344 1983 3422 hasta,

772 3423 1102 3509 Vitamque
1133 3428 1242 3489 snb
1274 3427 1413 3490 divo
1440 3436 1503 3490 et
1534 3429 1787 3513 trepidis
1816 3436 1965 3512 agat

773 3507 852 3572 In
880 3513 1077 3575 rebus.
1169 3512 1347 3575 Illum
1376 3532 1452 3575 ex
1472 3515 1779 3577 moenibus
1805 3512 2052 3577 hosticis

861 3596 1145 3661 Matrona
1173 3599 1449 3662 bellantis
1480 3599 1723 3683 tyranni

950 3683 1328 3767 Prospiciens
1359 3695 1423 3747 et
1456 3684 1663 3747 adulta
1696 3684 1865 3765 virgo

775 3763 1070 3849 Suspiret,
1102 3770 1276 3847 eheu,
1344 3792 1423 3833 ne
1453 3769 1621 3831 rudis
1650 3770 1956 3850 agminum

775 3849 1040 3937 Sponsus
1067 3855 1328 3917 lacessat
1355 3854 1559 3937 regius
1589 3874 1869 3937 asperum

2452 1821 2522 1871 ⁴⁰

2450 2252 2521 2301 ⁴5

2452 3872 2517 3921 1⁰
