2742 4417
884 346 1014 417 13113.
1049 346 1110 391 ·1.
1157 346 1359 391 EPIST.
1410 346 1608 393 XVIII.

198 500 409 565 Gloria
443 522 621 584 quem
652 520 834 580 supra
866 500 1021 563 vires
1052 506 1115 562 et
1138 500 1325 569 ,vestit
1354 508 1419 563 et
1447 501 1642 582 ungit,

197 586 397 659 Quem
434 597 601 649 tenet
631 585 865 667 argenti
896 586 1023 647 sitis
1054 586 1394 667 importuna
1423 587 1754 669 famesque,
1855 630 1858 632 Δ

195 672 397 744 Quem
430 672 797 755 paupertatis
830 671 1021 753 pudor
1050 678 1113 733 et
1140 672 1311 751 fuga,
1341 672 1512 735 dives
1544 676 1776 736 amicus

198 757 402 840 Saepe
436 758 647 820 decem
679 757 835 818 vitiis
866 757 1212 819 instructior
1241 758 1365 819 odit
1396 771 1459 819 et
1487 758 1734 822 horret:

196 845 337 905 Aut
388 844 441 906 si
471 865 587 905 non
619 842 746 905 odit
798 843 975 924 regit,
1007 864 1077 905 ac
1113 844 1295 905 veluti
1328 844 1428 925 pia
1456 854 1650 907 mater

196 928 349 991 Plus
379 950 563 1011 quam
592 950 655 990 se
688 949 897 1009 sapere
928 938 991 990 et
1022 928 1337 991 virtutibus
1372 950 1504 991 esse
1535 930 1794 1011 priorem

192 1014 374 1091 Vult,
406 1023 471 1076 et
501 1015 587 1076 ait
616 1034 798 1095 prope
831 1034 1011 1075 vera:
1080 1018 1120 1049 ‘⁶
1145 1012 1329 1076 Meae
1378 1015 1784 1096 (contendere
1815 1016 1976 1100 noli)

182 1098 535 1162 'Stultitiam
565 1100 873 1181 patiuntur
902 1120 1045 1181 opes
1072 1119 1087 1173 ;
1138 1099 1245 1161 tibi
1278 1100 1528 1182 parvula
1557 1121 1654 1162 res
1684 1110 1816 1163 est:

192 1187 359 1248 Arta
388 1186 569 1247 decet
599 1206 809 1247 sanum
840 1184 1115 1247 comitem
1146 1193 1287 1267 toga
1313 1205 1330 1260 ;
1375 1185 1578 1248 desine
1609 1207 1843 1249 mecum

196 1269 526 1336 Certare.’'
571 1270 935 1352 Eutrapelus
992 1270 1331 1353 cuicunque
1377 1292 1596 1336 nocere
1631 1272 1868 1334 volebat

194 1356 583 1418 Vestimenta
614 1356 797 1417 dabat
826 1356 1125 1438 pretiosa:
1176 1357 1386 1419 beatus
1419 1358 1576 1419 enim
1593 1358 1723 1440 jam

195 1442 349 1504 Cum
384 1442 651 1523 pulchris
685 1442 898 1503 tunicis
928 1449 1127 1505 sumet
1154 1464 1308 1505 nova
1338 1443 1584 1505 consilia
1613 1456 1677 1505 et
1705 1463 1865 1526 speS,

192 1527 475 1589 Dormiet
504 1527 565 1587 in
594 1528 813 1603 lucem,
844 1536 1041 1589 scorto
1072 1534 1388 1610 postponet
1415 1518 1732 1591 ho‘nestum

195 1611 501 1689 Officium,
531 1634 801 1673 nummos
832 1613 1053 1674 alienos
1084 1622 1311 1695 pascet,
1342 1614 1420 1675 ad
1451 1614 1637 1675 imum

189 1698 398 1761 Thrax
430 1698 547 1759 erit
599 1707 705 1759 aut
734 1698 956 1760 olitoris
986 1706 1129 1779 aget
1160 1699 1440 1761 mercede
1470 1700 1786 1762 caballum.

190 1784 513 1853 Arcanum
546 1804 739 1865 neque
772 1791 837 1844 tu
868 1785 1231 1847 scrutaberis
1261 1786 1418 1847 illius
1449 1806 1736 1867 unquam,

192 1868 711 1951 commissumque
744 1877 911 1949 teges
942 1876 1005 1931 et
1037 1870 1170 1933 vino
1201 1877 1391 1933 tortus
1423 1879 1484 1932 et
1513 1870 1646 1944 ira3

190 1953 331 2017 Nec
364 1963 473 2015 tua
499 1954 770 2016 laudabis
800 1955 1001 2017 studia
1030 1962 1137 2017 aut
1166 1956 1363 2019 aliena
1393 1956 1740 2039 reprendeS‚

189 2038 257 2101 N
260 2061 331 2101 ec
389 2060 528 2101 cum
564 2040 766 2101 venari
802 2041 957 2102 volet
987 2039 1085 2103 ille
1141 2043 1418 2123 poemata
1449 2063 1698 2123 pangeS.

192 2125 415 2187 Gratia
444 2127 529 2188 sic
563 2125 816 2186 fratrum
848 2124 1219 2207 geminorum
1277 2126 1629 2209 Amphionis
1660 2134 1843 2210 atque

196 2210 379 2272 Zethi
435 2211 712 2289 dissiluit,
746 2211 934 2273 donec
966 2221 1248 2294 suspecta
1276 2234 1488 2275 severo

193 2294 508 2357 Conticuit
534 2296 686 2379 lyra.
778 2296 1085 2359 Fraternis
1118 2298 1363 2359 cessisse
1399 2305 1646 2380 putatur

190 2381 473 2459 Moribus
504 2382 845 2463 Amphion:
895 2390 962 2444 tu
994 2382 1143 2445 cede
1176 2384 1434 2465 potentis
1465 2385 1640 2447 amici

190 2466 465 2528 Lenibus
494 2468 773 2549 imperiis,
807 2468 1157 2550 quotiesque
1190 2468 1410 2549 educet
1437 2470 1498 2531 in
1529 2490 1705 2551 agros

188 2552 435 2614 Aetolis
467 2562 713 2614 onerata
745 2554 931 2635 plagis
953 2557 1231 2635 jumenta
1261 2576 1586 2637 canesque,

194 2636 399 2720 Surge
426 2644 498 2700 et
528 2638 882 2723 inhumanae
915 2640 1145 2701 senium
1176 2640 1408 2723 depone
1443 2640 1767 2721 Camenae,

192 2723 433 2786 Coenes
466 2732 534 2784 ut
564 2724 789 2805 pariter
822 2726 1127 2807 pulmenta
1156 2726 1456 2788 laboribus
1484 2734 1705 2811 empta.

190 2809 485 2871 Romanis
514 2810 797 2871 sollemne
832 2810 969 2873 viris
1000 2832 1169 2893 opus,
1203 2813 1347 2874 utile
1379 2813 1576 2875 famae

191 2894 505 2975 Vitaeque
538 2905 601 2955 et
632 2896 929 2973 membris,
961 2898 1309 2979 praesertim
1342 2919 1480 2960 cum
1511 2898 1710 2959 valeas
1742 2903 1806 2960 et

189 2979 313 3043 Vel
348 3000 529 3041 cursu
560 2993 843 3061 superare
877 3002 1081 3043 canem
1119 2984 1211 3043 vel
1244 2983 1465 3045 viribus
1496 3005 1709 3065 aprum

192 3066 421 3135 PossiS.
514 3065 695 3127 Adde
729 3066 920 3128 virilia
948 3067 1108 3150 quod
1138 3069 1462 3150 speciosius
1491 3090 1658 3132 arma

188 3150 333 3213 Non
368 3157 464 3213 est
492 3152 594 3233 qui
628 3157 882 3213 tractet:
912 3188 995 3198 —
1019 3154 1157 3231 sciS‚
1188 3175 1309 3236 quo
1340 3156 1598 3219 clamore
1630 3176 1884 3218 coronae

190 3236 437 3298 Proelia
468 3236 761 3298 sustineas
792 3240 1148 3319 campestria
1175 3259 1190 3313 ;
1238 3238 1500 3321 denique
1533 3259 1780 3305 saevam

190 3321 475 3383 Militiam
507 3343 659 3404 puer
691 3322 1145 3387 et‘Cantabrica
1176 3326 1333 3387 bella
1364 3326 1553 3387 tulisti

194 3406 319 3469 Sub
353 3408 512 3469 duce
565 3409 669 3489 qui
700 3409 935 3490 templis
967 3409 1325 3472 Parthorum
1356 3412 1530 3497 signa
1560 3412 1760 3493 refigit

190 3492 253 3554 N
258 3514 401 3568 unc,
434 3502 517 3569 et,
549 3494 599 3555 si
630 3494 773 3575 quid
806 3494 977 3557 abest
1028 3495 1199 3558 Italis
1231 3496 1538 3579 adjudicat
1568 3498 1768 3559 armis.

188 3578 301 3657 Ac,
320 3599 397 3639 ne
432 3586 491 3639 te
522 3580 795 3641 retrahas
826 3588 889 3641 et
918 3581 1334 3645 inexcusabilis
1366 3583 1544 3659 absi5‚

191 3663 481 3735 Quamvis
511 3665 595 3725 nil
628 3674 801 3727 extra
832 3686 1144 3729 numerum
1174 3668 1388 3730 fecisse
1423 3667 1780 3751 modumque
1805 3714 1816 3725 .

195 3748 413 3825 Caras,
438 3750 741 3811 interdum
774 3752 1019 3832 nugaris
1050 3775 1191 3815 rure
1221 3762 1506 3836 paterno;

191 3832 471 3898 Partitur
499 3835 708 3899 lintres
740 3837 1039 3901 exercitus
1064 3858 1081 3916 ;
1127 3839 1312 3903 Actia
1345 3860 1548 3923 pugna

794 3918 875 3983 18

2079 306 2116 413 j
2155 332 2280 395 205

2212 1194 2274 1245 3⁰

2207 2061 2270 2110 40
