2742 4417
990 366 1118 415 ΗΒ.
1162 366 1421 416 msam.
1467 368 1587 419 v11.
2109 396 2118 403 -
2212 357 2340 426 175

979 615 1362 683 SATIRA
1422 617 1614 683 VII.-

224 792 267 827 ⁸‘
288 788 337 855 J
340 807 672 855 AMDUDUM
700 782 975 853 ausculto
1007 796 1071 853 et
1100 790 1349 873 cupiens
1381 791 1487 855 tibi
1519 792 1723 857 dicere
1754 814 1965 859 servus

225 875 441 941 Pauca
472 877 858 940 reformido.”
950 882 994 913 ‘⁶
1019 876 1411 941 Davusne?”
1504 884 1546 917 “
1574 879 1696 961 Ita,
1728 880 1963 962 Davus,
1995 880 2253 947 amicum

223 960 608 1047 Mancipium
641 963 877 1026 domino
908 970 971 1026 et
1001 964 1161 1046 frugi
1194 964 1355 1047 quod
1387 966 1466 1029 sit
1495 968 1664 1046 satis,
1695 969 1807 1031 hoc
1840 975 1956 1049 est,
1980 979 1993 989 ·

222 1049 319 1113 Ut
350 1050 537 1113 vitale
571 1050 815 1133 putes.”
908 1055 947 1087 “
973 1051 1139 1133 Age,
1170 1051 1452 1114 libertate
1485 1052 1834 1134 Decembri,

222 1134 487 1210 Quando
516 1136 606 1199 ita
636 1138 893 1220 majores
924 1134 1267 1215 voluerunt,
1298 1146 1475 1201 utere
1500 1159 1515 1215 ;
1551 1142 1796 1204 narra.”
2301 1159 2336 1211 5

218 1228 261 1261 ‘⁶
281 1224 441 1287 Pars
472 1224 779 1287 hominum
812 1224 972 1287 vitiis
1004 1224 1233 1307 gaudet
1264 1232 1616 1289 constanter
1644 1234 1709 1291 et
1737 1233 1920 1313 urget
2313 1226 2320 1233 “

219 1309 646 1395 Propositum3
694 1332 839 1395 pars
870 1311 1061 1373 multa
1090 1317 1286 1390 natat,
1316 1312 1495 1375 modo
1526 1322 1697 1379 recta
1727 1334 2075 1400 capessen8‚

220 1394 548 1461 Interdum
580 1398 781 1481 pravis
812 1397 1084 1460 obnoxia.
1182 1396 1382 1482 Saepe
1413 1406 1656 1464 notatus

220 1482 381 1547 Cum
411 1485 605 1547 tribus
635 1484 910 1562 annellis,
940 1484 1117 1547 modo
1147 1485 1322 1548 laeva
1352 1484 1600 1549 Priscus
1632 1487 1816 1568 inani,

217 1568 403 1633 Vixit
432 1570 787 1654 inaequalis,
821 1572 1059 1635 clavum
1090 1579 1159 1633 ut
1188 1580 1452 1635 mutaret
1483 1573 1544 1635 in
1577 1574 1779 1655 horae,
2275 1598 2338 1648 m

186 1656 503 1723 .Aedibus
534 1678 610 1720 ex
640 1659 874 1741 magnis
906 1659 1101 1721 subito
1132 1680 1196 1721 se
1232 1660 1547 1736 conderet,
1571 1661 1740 1725 unde

215 1742 516 1806 Mundior
546 1744 742 1808 exiret
770 1744 869 1807 vix
901 1745 1217 1807 libertinus
1247 1746 1498 1809 honeste
1524 1768 1539 1823 3

214 1830 258 1892 J
263 1852 365 1893 am
398 1831 683 1894 moechus
716 1832 970 1910 Romae,
991 1832 1122 1915 jam
1152 1832 1359 1897 mallet
1391 1833 1899 1899 doctus'Athenis

215 1917 482 1995 Vivere,
515 1916 896 1998 Vertumnis,
928 1924 1226 2001 quotquot
1255 1926 1420 1998 sunt,
1451 1928 1630 1983 natus
1660 1920 1897 2005 iniquis.

220 2002 459 2067 Scurra
489 2003 879 2085 Volanerius‚
911 2012 1229 2089 postquam
1261 2006 1348 2067 illi
1370 2007 1542 2090 justa
1573 2008 1872 2092 cheragra
2271 2022 2335 2073 15

108 2113 123 2127 ·
218 2089 522 2153 Contudit
551 2092 858 2168 articu108‚
891 2092 997 2175 qui
1026 2114 1134 2175 pro
1164 2113 1229 2154 se
1263 2094 1505 2156 tolleret
1535 2101 1720 2178 atque

214 2175 508 2240 Mitteret
535 2177 599 2239 in
630 2177 898 2263 phimum
929 2180 1101 2257 talos,
1133 2180 1415 2243 mercede
1446 2180 1665 2244 diurna

216 2263 608 2327 Conductum
642 2265 810 2348 pavit
837 2286 853 2336 ;
901 2273 1128 2348 quanto
1161 2267 1532 2329 constantior
1561 2267 1754 2331 isdem

215 2350 294 2414 In
326 2351 515 2430 vitiis,
548 2352 939 2415 tanto-levius
969 2351 1151 2414 miser
1184 2372 1255 2414 ac
1288 2353 1452 2436 prior
1481 2355 1604 2433 illo,

217 2436 337 2511 Qui
360 2438 504 2523 Jam·
526 2445 831 2515 contento,
854 2439 984 2523 jam
1014 2440 1149 2501 laxo
1179 2438 1327 2501 fune
1359 2440 1658 2503 laborat.’'
1741 2440 1748 2445 ’
2263 2460 2332 2513 m

216 2524 425 2588 “Non
456 2524 625 2588 dices
654 2525 856 2603 hodie,
889 2546 1174 2609 quorsum
1204 2524 1355 2588 haec
1389 2534 1514 2589 tam
1546 2527 1762 2609 putida
1792 2525 2069 2607 tendant,

214 2610 503 2675 Furcifer
523 2610 617 2761 ‘31³’
678 2616 751 2760 ἀι(
774 2612 880 2674 Ad
926 2620 1011 2691 te,
1055 2612 1377 2695 inquam.”
1470 2616 1510 2649 “
1540 2611 1676 2687 Quo
1718 2622 1918 2700 pact0,
1963 2612 2327 2700 pessime?”

432 2760 439 2765 ,
483 2702 525 2735 “
599 2720 675 2761 au
722 2720 789 2762 as
1420 2710 1426 2716 “
1597 2734 1606 2743 ·

214 2784 556 2848 Fortunam
588 2793 651 2847 et
679 2806 876 2848 mores
907 2784 1193 2869 antiquae
1225 2785 1440 2870 plebis,
1473 2792 1536 2849 et
1564 2786 1728 2851 idem

220 2870 285 2935 Si
317 2872 455 2955 quis
489 2872 568 2935 ad
598 2872 699 2935 illa
732 2871 882 2935 deus
913 2873 1111 2935 subito
1142 2880 1204 2935 te
1236 2880 1383 2955 agat
1412 2895 1604 2957 usque
1636 2895 1906 2955 recusem,

215 2958 353 3022 Aut
384 2958 530 3042 quia
558 2980 680 3022 non
712 2959 899 3021 sentis
929 2959 1093 3043 quod
1123 2960 1348 3022 clamas
1380 2962 1606 3023 rectius
1639 2982 1794 3040 esse,
2258 2981 2326 3031 25
2397 3030 2418 3047 .

213 3045 351 3108 Aut
380 3045 528 3129 quia
554 3067 675 3108 non
705 3046 918 3107 firmus
950 3051 1187 3108 rectum
1217 3045 1518 3125 defendiS‚
1551 3054 1616 3109 et
1643 3048 1862 3112 haeres

214 3130 279 3193 N
281 3132 649 3216 equiequam
681 3153 867 3196 coeno
900 3135 1149 3216 cupiens
1181 3132 1442 3197 evellere
1476 3134 1761 3217 plantam.

214 3218 447 3281 Romae
480 3240 585 3281 rus
614 3226 811 3302 optaS,
841 3218 1154 3282 absentem
1184 3218 1448 3282 rusticus
1478 3220 1691 3283 urbem

215 3304 401 3368 Tollis
432 3304 523 3369 ad·
543 3312 708 3368 astra
736 3304 903 3368 levis.
1000 3304 1067 3369 Si
1096 3320 1396 3388 nusquam
1427 3327 1492 3369 es
1521 3306 1677 3371 forte
1711 3309 1962 3369 vocatus

214 3392 318 3454 Ad
352 3412 605 3455 coenam
635 3391 849 3454 laudas
880 3412 1162 3455 securum
1192 3392 1323 3455 olus
1355 3414 1450 3471 ac,
1483 3394 1653 3479 velut
1683 3414 1940 3477 usquam
2257 3410 2324 3463 ω

214 3476 483 3542 Vinctus
516 3499 641 3554 eas,
672 3478 761 3541 ita
793 3486 852 3540 te
884 3478 1123 3541 felicem
1155 3478 1307 3541 dicis
1339 3499 1627 3563 amasque
1655 3510 1664 3517 ·

217 3562 397 3637 Quod
428 3585 725 3648 nusquam
758 3565 865 3627 tibi
896 3565 973 3628 sit
1002 3565 1351 3649 potandum.
1443 3566 1486 3629 J
1492 3566 1710 3629 usserit
1741 3565 1819 3629 ad
1849 3586 1914 3629 se

216 3649 549 3714 Maecenas
580 3672 779 3721 serum
814 3653 925 3715 sub
955 3653 1181 3737 lumina
1212 3653 1405 3735 prima
1438 3654 1640 3715 venire

218 3734 585 3802 Convivam:
637 3744 654 3775 ‘
676 3737 737 3801 N
745 3760 917 3801 emon
948 3740 1145 3802 oleum
1176 3740 1296 3802 fert
1328 3738 1542 3802 ocius?
1600 3740 1828 3823 Ecquis

216 3822 494 3888 Audit?’
530 3846 664 3888 cum
700 3847 918 3908 magno
948 3827 1212 3889 blateras
1244 3826 1503 3887 clamore
1536 3828 1834 3909 fugisque.
2253 3842 2320 3894 35

217 3908 486 3977 Mulvius
518 3919 583 3975 et
611 3933 857 3976 scurrae
890 3914 996 3975 tibi
1026 3936 1149 3977 non
1172 3912 1496 3975 referenda
1525 3914 1756 3998 precati

1350 4209 1449 4329 f

1372 4332 1469 4379 ss
