2742 4417
397 411 520 474 230
1205 424 1326 471 Ans
1369 413 1659 470 roitch.

315 581 318 584 ’
395 581 538 645 Non
568 580 760 664 quivis
790 579 954 644 videt
983 578 1372 642 immodulata·
1396 583 1675 663 poEmata
1695 576 1909 662 judex,

399 668 482 730 Et
512 667 654 730 data
685 667 969 730 Romanis
999 666 1174 728 venia
1203 672 1298 728 est
1324 665 1573 748 indigna
1600 663 1813 748 poetis.
1843 725 1964 744 ,-

400 753 713 816 Idcircone
743 773 932 835 vager
959 752 1334 834 scribamque
1362 752 1617 814 licenter
1640 749 1667 812 ’ἰ
1706 771 1787 813 an
1815 765 2023 812 omnes

396 837 651 902 Visuros
679 845 931 921 peccata
959 844 1167 922 putem
1194 858 1350 914 mea,
1360 842 1529 900 tutus
1558 843 1622 899 et
1647 837 1808 898 intra

401 923 585 1007 Spem
613 925 825 986 veniae
855 921 1120 986 cautus?
1207 922 1420 987 Vitavi
1449 921 1705 1004 denique
1738 921 1997 1003 culpam,

396 1009 461 1072 N
462 1030 538 1072 on
572 1008 811 1074 laudem
839 1009 1050 1071 merui.
1140 1007 1270 1073 Vos
1301 1006 1663 1090 exemplaria
1693 1005 1933 1069 Graeca

396 1094 715 1157 Nocturna
743 1100 979 1157 versate
1008 1113 1210 1172 mann,
1241 1100 1479 1156 versate
1510 1092 1746 1155 diurna.

397 1178 490 1242 At
517 1179 703 1242 vestri
731 1179 938 1262 proavi
965 1178 1275 1241 Plautinos
1305 1184 1368 1240 et
1394 1197 1675 1240 numeros
1704 1183 1768 1240 et
1878 1209 1885 1216 ·
2008 1251 2011 1256 ¹

398 1263 752 1328 Laudavere
783 1265 938 1326 sales
989 1263 1235 1326 nimium
1264 1263 1565 1346 patienter
1591 1269 1957 1345 utrumque=

396 1349 498 1412 Ne
530 1350 727 1412 dicam
754 1351 936 1412 stulte
987 1348 1206 1424 mirati,
1237 1348 1289 1412 si
1317 1348 1497 1412 modo
1526 1369 1640 1431 ego
1672 1355 1735 1412 et
1764 1368 1871 1413 vos

402 1434 636 1498 Scimus
663 1435 1020 1498 inurbanum
1050 1433 1246 1518 lepido
1275 1454 1565 1517 seponere
1596 1432 1758 1497 dicto

396 1519 880 1604 Legitimumque
909 1541 1119 1592 sonum
1149 1519 1350 1602 digitis
1379 1520 1665 1583 callemus
1696 1521 1769 1582 et'
1790 1537 1958 1582 aure.

391 1602 684 1690 Ignotum
713 1607 986 1690 tragicae
1017 1625 1210 1690 genus
1238 1605 1541 1670 invenisse
1575 1603 1881 1668 Camenae
1924 1611 1929 1616 “

277 1739 288 1750 .
396 1689 639 1754 Dicitur
667 1698 732 1754 et
759 1692 1040 1775 plaustris
1069 1691 1299 1754 vexisse
1329 1695 1609 1773 poemata
1636 1689 1911 1772 Thespis,
2072 1769 2077 1774 Ι

401 1776 572 1849 Quae
604 1783 894 1840 canerent
923 1783 1294 1860 agerentque
1323 1774 1602 1860 peruncti
1630 1775 1897 1839 faecibus
1924 1793 2050 1838 ora.

398 1860 549 1925 Post
572 1862 734 1925 hunc
763 1883 1054 1945 personae
1083 1863 1397 1945 pallaeque
1426 1867 1699 1944 repertor
1726 1861 2010 1924 honestae

397 1946 743 2031 Aeschylus
773 1954 836 2010 et
863 1948 1108 2010 modicis
1136 1947 1417 2010 instravit
1442 1947 1674 2031 pulpita
1700 1945 1881 2030 tignis

399 2029 486 2093 Et
514 2031 716 2095 docuit
742 2053 1144 2116 magnumque
1175 2033 1337 2115 loqui
1363 2033 1593 2116 nitique
1624 2032 1934 2096 cothurno.

405 2114 712 2180 Successit
738 2124 912 2180 vetus
940 2117 1033 2180 his
1063 2117 1515 2190 comoedia,non
1543 2118 1671 2180 sine
1700 2119 1890 2181 multa

401 2201 637 2279 Laude3
664 2202 772 2266 sed
803 2203 866 2266 in
895 2203 1102 2266 vitium
1129 2203 1377 2265 libertas
1408 2202 1630 2265 excidit
1659 2210 1723 2266 et
1752 2203 1872 2265 vim

399 2286 664 2371 Dignam
691 2289 826 2372 lege
857 2289 1026 2372 regi:
1073 2289 1172 2350 lex
1203 2295 1296 2350 est
1325 2294 1577 2372 accepta
1629 2288 1965 2372 chorusque

399 2373 685 2458 Turpiter
711 2375 960 2438 obticuit
989 2375 1220 2437 sublato
1240 2375 1381 2456 jure
1409 2373 1684 2436 nocendi.
1798 2449 1803 2452 j

399 2456 512 2520 Nil
539 2459 904 2522 intentatum
934 2457 1124 2520 nostri
1152 2458 1387 2541 liquere
1418 2462 1660 2542 poetae,

400 2542 538 2606 Nec
567 2543 876 2607 minimum
906 2565 1180 2607 meruere
1211 2543 1397 2607 decus
1449 2544 1705 2626 vestigia
1734 2541 1975 2608 Graeca

399 2629 558 2692 Ausi
587 2629 868 2693 deserere
894 2636 958 2692 et
985 2630 1292 2692 celebrare
1323 2628 1649 2692 domestica
1676 2629 1861 2707 facta,

400 2713 524 2778 Vel
556 2715 660 2796 qui
687 2721 1032 2800 praetextas
1065 2717 1162 2778 vel
1192 2715 1296 2798 qui
1324 2715 1583 2778 docuere
1616 2721 1874 2797 togatas.
1970 2713 1977 2720 ’

399 2799 536 2866 Nec
567 2801 788 2862 virtute
818 2800 975 2864 foret
1004 2801 1256 2864 clarisve
1286 2800 1587 2884 potentius
1616 2800 1797 2864 armis

402 2883 598 2958 Quam
625 2885 834 2967 lingua
887 2886 1150 2966 Latium,
1179 2887 1230 2948 si
1256 2907 1377 2948 non
1407 2885 1736 2949 offenderet
1763 2907 1950 2949 unum

402 2969 716 3052 Quemque
747 2974 1062 3053 poetarum
1089 2973 1266 3034 limae
1294 2972 1464 3034 labor
1494 2978 1557 3034 et
1583 2991 1768 3035 mora.
1858 2970 2011 3052 νοῦ,
2040 2991 2078 3036 ο

191 3071 300 3094 “³-
491 3055 726 3139 mpilius
756 3057 1021 3142 sanguis,
1053 3077 1295 3120 carmen
1323 3057 1747 3140 reprehendite
1801 3056 1963 3140 quod
1988 3077 2111 3121 non

205 3173 214 3180 ·
396 3149 510 3213 Mu
670 3142 757 3207 'es
787 3149 851 3206 et
877 3144 1067 3205 multa
1092 3143 1274 3205 litura
1303 3143 1591 3222 coercuit,
1623 3149 1805 3225 atque

398 3236 749 3300 Perfectum
895 3229 982 3292 ies
1011 3249 1132 3290 non
1160 3229 1481 3311 castigavit
1509 3227 1587 3291 ad
1616 3248 1902 3312 unguem.

396 3321 719 3405 Ingenium
746 3318 1008 3384 misera
1042 3313 1146 3376 uia
1175 3313 1535 3376 fortunatius
1556 3319 1703 3376 'arte

400 3407 612 3472 Credit
641 3411 704 3469 et
733 3403 1000 3468 excludit
1027 3423 1056 3464 s
1089 3420 1204 3482 &nos
1233 3399 1527 3462 Helicone
1558 3401 1766 3483 poe—tas

399 3491 804 3569 Democritus,
832 3488 992 3553 bona
1018 3484 1160 3572 pars
1187 3507 1308 3549 non
1335 3505 1572 3568 ungues
1601 3505 1825 3568 ponere
1856 3489 2052 3566 curat,

399 3577 546 3642 Non·
570 3577 840 3654 barbam,
870 3581 1106 3639 secreta
1133 3572 1288 3658 petit
1313 3571 1469 3649 loca,
1496 3569 1713 3634 balnea
1740 3571 1913 3635 vitat.

401 3663 804 3726 Nanciscetur
834 3661 993 3724 enim
1020 3660 1280 3744 pretium
1308 3677 1643 3739 nomenque
1673 3660 1915 3740 poetae,

405 3749 474 3813 Si
503 3748 691 3811 tribus
723 3747 1036 3830 Anticyris
1067 3750 1250 3828 caput
1277 3741 1607 3806 insanabile
1636 3761 1946 3826 nunquam

404 3835 652 3898 Tonsori
682 3832 889 3894 Licino
921 3830 1310 3894 commiserit.-
1394 3825 1449 3890 Ο
1483 3848 1596 3910 ego
1623 3827 1855 3906 laevae,

406 3920 524 3995 Qui
553 3938 776 4003 purgor
801 3917 982 3979 bilem
1010 3915 1122 3978 sub
1150 3915 1320 3979 verni
1347 3913 1633 3998 temporis
1659 3911 1908 3978 horam!

2376 1623 2479 1672 2⁷5

2386 3333 2487 3384 295
