2742 4417
458 324 589 389 204
1258 335 1720 385 austremon-

460 491 585 557 Sed
617 491 833 555 tacitus
864 490 1029 575 pasci
1056 489 1108 554 si
1138 497 1339 573 posset
1369 512 1584 555 corvus
1613 491 1868 554 haberet

453 577 604 641 Plus
633 578 802 661 dapis
832 587 895 639 et
926 578 1087 639 rixae
1118 578 1304 639 multo
1332 578 1528 639 minus
1559 576 1958 661 invidiaeque.

455 663 845 726 Brundisium
875 684 1072 726 comes
1102 673 1210 725 aut
1242 662 1599 725 Surrentum
1630 663 1848 726 ductus
1879 684 2216 747 amoenum,-

456 749 571 823 Qui
603 752 877 832 queritur
905 749 1168 811 salebras
1198 759 1264 811 et
1302 755 1588 811 acerbum
1617 750 1810 830 frigus
1839 760 1902 811 et
1931 751 2174 831 imbres,

452 838 587 899 Aut
616 836 827 897 cistam
856 836 1163 897 effractam
1194 843 1259 897 et
1286 835 1586 897 subducta
1617 835 1832 898 viatica
1863 836 2078 919 plorat,

451 919 627 984 Nota
649 922 836 982 refert
866 921 1197 983 meretricis
1228 922 1527 997 acumina,
1559 941 1744 1003 saepe
1777 922 2077 1002 catellam,

456 1005 653 1089 Saepe
686 1006 1101 1089 periscelidem
1133 1016 1367 1089 raptam
1397 1008 1510 1069 sibi
1539 1008 1758 1085 flentis,
1785 1008 1876 1068 uti
1907 1029 2046 1071 mox

452 1091 641 1155 Nulla
671 1092 820 1153 fides
850 1092 1082 1154 damnis
1112 1093 1392 1175 verisque
1424 1094 1724 1156 doloribus
1754 1092 1930 1157 adsit.

450 1177 515 1239 N
520 1199 587 1239 ec
620 1178 803 1239 semel
837 1178 1046 1239 irrisus
1077 1178 1266 1240 triviis
1296 1179 1572 1241 attollere
1605 1190 1780 1241 curat

449 1262 671 1325 Fracto
702 1284 876 1325 crure
911 1264 1174 1345 planum,
1206 1263 1351 1326 licet
1383 1265 1466 1326 illi
1503 1265 1754 1346 plurima
1783 1269 1988 1326 manet

450 1347 751 1426 Lacrima,
783 1369 890 1430 pcr
918 1360 1191 1411 sanctum
1212 1350 1456 1433 juratus
1486 1351 1650 1413 dicat
1677 1350 1938 1430 Osirim:

449 1438 490 1469 “
518 1433 763 1499 Credite
794 1456 911 1495 non
942 1435 1121 1510 ludo;
1169 1436 1470 1513 crudeles,
1503 1437 1689 1498 tollite
1721 1433 2070 1498 claudum.'’

448 1524 491 1555 ‘⁶
517 1517 759 1595 Quaere
788 1520 1238 1603 peregrinum,''
1274 1522 1491 1585 vicinia
1519 1543 1706 1585 rauca
1737 1522 2072 1584 reclamat:

1031 1925 1544 2008 EPISTOLA
1615 1940 1934 2006 XVIII.

446 2129 522 2195 SI
550 2131 704 2195 bene
735 2138 795 2195 te
825 2130 962 2193 novi
992 2138 1246 2209 metues,
1276 2128 1577 2191 liberrime
1609 2126 1784 2206 Lolli,

446 2215 789 2281 Scurrantis
820 2219 1079 2300 speciem
1114 2217 1398 2298 praebere
1431 2215 1732 2297 professus
1763 2214 2044 2279 amicum.

442 2300 533 2365 Ut
565 2316 834 2366 matrona
864 2303 1161 2365 meretrici
1194 2302 1398 2383 dispar
1427 2301 1544 2362 erit
1573 2312 1754 2383 atque

440 2387 738 2467 Discolor,
769 2390 949 2451 infido
980 2408 1225 2451 scurrae
1258 2387 1506 2449 distabit
1541 2388 1784 2449 amicus.

442 2472 555 2535 Est
589 2475 724 2537 huic
757 2475 1056 2536 diversum
1094 2474 1231 2535 vitio
1264 2474 1474 2534 vitium
1506 2494 1689 2554 prope
1725 2472 1941 2555 majuS,

437 2559 755 2641 Asperitas
788 2561 1039 2641 agrestis
1072 2574 1134 2621 et
1165 2559 1520 2621 inconcinna-
1552 2558 1896 2640 gravisque,

439 2643 609 2716 Quae
641 2667 705 2707 se
738 2648 1112 2708 commendat
1144 2655 1314 2707 tonsa
1344 2656 1506 2718 cute,
1539 2644 1818 2705 dentibus
1849 2645 2018 2724 atriS‚

436 2728 598 2792 Dum
632 2732 759 2793 vult
791 2732 1031 2794 libertas
1061 2731 1178 2794 dici
1210 2751 1376 2792 mera
1407 2750 1668 2811 veraque
1701 2731 1909 2791 virtus,

436 2814 652 2878 Virtus
682 2827 774 2878 est
801 2818 1061 2879 medium
1094 2817 1368 2879 vitiorum
1401 2826 1465 2878 et
1494 2816 1775 2897 utrinque
1808 2817 2146 2881 reductum.

437 2901 617 2963 Alter
647 2902 707 2963 in
739 2903 1083 2985 obsequium
1118 2904 1250 2985 plus
1283 2920 1482 2985 aequo
1508 2923 1729 2984 pronus
1760 2912 1824 2965 et
1852 2904 1955 2965 imi

435 2985 854 3050 Derisor·lecti
884 2990 969 3050 sic
1004 2998 1213 3050 nutum
1244 2989 1444 3049 divitis
1475 2988 1701 3057 horret,

438 3070 539 3135 Sic
570 3072 749 3135 iterat
779 3095 955 3140 voces
986 3082 1049 3135 et
1080 3075 1260 3136 verba
1292 3075 1570 3136 cadentia
1602 3076 1772 3155 tollit,

433 3156 524 3221 Ut
555 3180 806 3239 puerum
834 3181 1015 3222 saevo
1046 3160 1259 3221 credas
1288 3160 1517 3221 dictata
1545 3161 1830 3242 magistro

434 3243 718 3307 Reddere
753 3246 857 3307 vel.
878 3256 1081 3327 partes
1110 3246 1354 3307 mimum
1385 3255 1648 3307 tractare
1679 3244 1978 3309 secundas

432 3330 613 3391 Alter
645 3331 873 3392 rixatur
905 3331 978 3392 de
1010 3332 1149 3395 lana
1178 3352 1357 3413 saepe
1391 3333 1658 3413 caprina,

432 3414 784 3497 Propugnat
812 3417 984 3498 nugis
1016 3430 1318 3479 armatus:
1368 3424 1408 3453 ‘⁶
1437 3416 1683 3480 Scilicet
1712 3425 1781 3480 ut
1799 3438 1928 3479 -non

433 3498 527 3563 Sit
559 3502 700 3562 mihi
732 3501 921 3583 prima
951 3502 1122 3577 fides,
1154 3514 1216 3565 et
1245 3524 1388 3565 vere
1420 3503 1578 3586 quod
1610 3506 1811 3587 placet
1838 3513 1906 3565 ut
1936 3525 2055 3565 non

428 3585 677 3649 Acriter
708 3589 956 3649 elatrcm
983 3589 996 3652 l
1090 3588 1359 3651 Pretium
1393 3603 1561 3651 aetas
1591 3591 1783 3653 altera
1813 3588 2082 3651 sordet-‚³⁹

428 3672 777 3753 Ambigitur
807 3674 949 3755 quid
983 3674 1137 3735 enim
1164 3673 1189 3736 ⁶?
1282 3674 1499 3737 Castor
1528 3676 1687 3737 sciat
1716 3698 1792 3738 an
1823 3675 2108 3739 Dolichos
2139 3676 2272 3759 plus
2296 3693 2316 3753 ;

425 3754 815 3821 Brundisium
844 3756 1075 3821 Minuci
1108 3761 1321 3823 melius
1353 3761 1449 3823 via
1479 3761 1664 3823 ducat
1693 3784 1770 3824 an
1801 3760 1987 3844 Appi.

428 3840 625 3916 Quem
654 3843 939 3909 damnosa
968 3845 1205 3927 Venus,
1236 3867 1416 3930 quem
1446 3868 1738 3933 praeceps
1767 3849 1903 3911 alea
1931 3846 2146 3929 nudat,

2387 2925 2527 2995 ,ιο

2455 3354 2524 3403 15
