2742 4417
419 368 428 378 .
471 311 600 376 130
1361 271 1748 400 'einamma

477 482 542 547 Si
573 483 894 564 interdicta
924 489 1116 568 petes,
1147 483 1302 547 vallo
1334 486 1707 550 circumdata
1742 485 1919 566 (nam
1950 490 2013 548 te

471 569 610 632 Hoc
641 571 788 634 facit
816 571 1158 652 insanum),
1189 573 1418 634 multae
1448 572 1555 634 tibi
1588 581 1715 636 tum
1745 575 2009 638 officient
2038 593 2159 654 res,

475 655 793 736 Custodes,
824 657 1062 736 lectica,
1095 657 1422 736 cinifloneS,
1459 659 1782 741 palaestae,
1822 674 1827 680 ’
1918 679 1929 684 ·

471 742 578 805 Ad
608 744 762 806 talos
791 743 1232 818 stola-demissa
1262 750 1326 805 et
1355 744 1727 808 circumdata
1756 747 1937 828 palla,
2016 797 2021 800 .

473 827 744 892 Plurima
797 845 955 912 quae
983 829 1293 891 invideant
1323 851 1473 912 pure
1508 827 1800 914 apparere
1833 832 1940 894 tibi
1970 853 2121 896 rem.
2470 853 2567 902 ιω

471 915 692 977 Altera
719 915 802 977 nil
833 916 1028 978 obstat
1053 938 1068 978 ε
1120 914 1260 978 Cois
1289 915 1398 978 tibi
1429 936 1621 999 paene
1654 917 1863 980 videre
1895 925 1991 980 est
2096 991 2103 1000 .

472 999 565 1062 Ut
595 1001 838 1078 nuda-m,
868 1023 946 1063 ne
979 1022 1154 1064 crure
1184 1001 1362 1079 malo,
1393 1023 1469 1064 ne
1501 1002 1579 1064 sit
1607 1002 1763 1085 pede
1795 1005 1999 1088 turpi;

433 1156 448 1168 ⁶
471 1085 681 1148 Metiri
711 1086 897 1168 possis
931 1087 1110 1149 oculo·
1132 1087 1309 1148 latuS.
1400 1087 1505 1149 An
1536 1089 1643 1150 tibi
1673 1090 1864 1152 mavis

470 1171 732 1234 Insidias
759 1173 890 1234 fieri
913 1172 1310 1254 pretiumque·
1328 1173 1575 1235 avellier
1604 1182 1757 1238 ante·

473 1255 669 1330 Quam
700 1278 962 1320 mercem
991 1256 1274 1320 ostendi?
1363 1263 1405 1294 ‘⁴
1428 1258 1723 1342 Leporem
1754 1266 2004 1324 venator
2030 1267 2101 1324 ut
2130 1261 2259 1326 alta
2465 1282 2555 1332 105

470 1343 549 1406 In
578 1344 716 1406 nive
745 1350 1035 1422 sectetur,
1065 1343 1322 1426 positum
1352 1344 1437 1406 sic
1469 1350 1720 1427 tangere
1752 1346 1964 1426 nolit,.''

473 1429 698 1493 Cantat
749 1436 812 1493 et
843 1429 1122 1514 apponit:
1143 1434 1182 1466 “
1208 1429 1390 1493 Meus
1420 1437 1514 1492 est
1543 1452 1710 1494 amor
1740 1431 1878 1494 huic
1910 1431 2118 1496 similis
2133 1453 2153 1512 ;
2196 1454 2345 1498 nam

470 1515 827 1579 Transvolat
853 1516 916 1578 in
946 1515 1140 1579 medio
1170 1516 1362 1599 posita
1393 1522 1456 1578 et
1485 1517 1780 1598 fugientia
1808 1519 2082 1601 captat.”

471 1601 724 1665 Hiscine
756 1602 1066 1665 versiculis
1096 1623 1302 1684 speras
1333 1602 1442 1664 tibi
1473 1616 1647 1686 posse
1678 1603 1913 1666 dolores
1976 1659 1983 1666 .

468 1688 678 1772 Atque
711 1695 912 1752 aestus
944 1709 1240 1770 curasque
1271 1709 1491 1771 graves
1520 1709 1553 1751 e
1584 1695 1829 1772 pectore
1858 1687 2048 1772 pelli?
2418 1739 2423 1746 -
2463 1710 2563 1762 no

467 1773 687 1837 Nonne
743 1773 1118 1858 cupidinibus
1149 1781 1377 1836 statuat
1406 1781 1625 1837 natura
1652 1775 1895 1837 modum
1924 1795 2129 1859 quem,

471 1857 631 1932 Quid
661 1861 860 1923 latura
889 1860 998 1922 sibi
1029 1859 1174 1943 quid
1191 1861 1283 1922 ’sit
1312 1860 1571 1922 dolitura
1598 1868 1908 1942 negatum,

471 1944 778 2022 Quaerere
810 1947 944 2029 plus
975 1945 1218 2028 prodest
1249 1954 1311 2008 et
1331 1946 1509 2008 inane
1541 1946 1892 2010 abscindere
1916 1944 2125 2010 soldo?
2240 1997 2246 2002 .
2326 1943 2337 1952 ’

467 2030 638 2094 Num
690 2032 798 2094 tibi
829 2052 966 2094 cum
995 2032 1200 2094 fauces
1230 2032 1352 2093 urit
1382 2031 1508 2094 sitis
1562 2053 1747 2095 aurea
1776 2033 2039 2118 quaeris,

468 2114 746 2180 Pocula?
775 2139 918 2179 num
950 2117 1217 2180 esuriens
1247 2117 1480 2180 fastidis
1511 2119 1709 2181 omnia
1738 2125 1980 2201 praeter
2460 2143 2563 2190 115

467 2201 775 2266 Pavonem
803 2202 1278 2286 rhombumque?
1368 2202 1629 2266 'sument
1662 2205 1765 2267 tibi
1794 2227 1933 2268 cum
1960 2203 2233 2286 inguina,
2260 2226 2407 2270 num
2458 2208 2517 2270 si

466 2288 710 2352 Ancilla
741 2294 846 2351 aut
875 2309 1062 2351 verna
1092 2300 1185 2352 est
1213 2296 1453 2373 praesto
1483 2311 1634 2372 puer
1661 2289 2029 2374 'impetus'in
2058 2311 2241 2374 quem

468 2372 767 2436 Continuo
794 2375 904 2437 fiat
954 2375 1124 2436 malis
1155 2375 1447 2456 tentigine
1479 2375 1721 2459 rumpi?

466 2459 532 2522 N
533 2481 608 2522 on
640 2481 789 2542 ego:
837 2481 1095 2544 namque
1125 2460 1454 2544 parabilem
1484 2482 1617 2525 amo
1646 2482 1931 2526 venerem
1957 2461 2337 2544 facilemque.

464 2545 665 2625 Illam,
699 2550 740 2581 ‘⁶
769 2545 919 2609 Post
947 2545 1194 2629 pau10‚''
1244 2551 1284 2583 ‘⁶
1313 2545 1437 2609 Sed
1469 2548 1722 2628 pluriS‚’'
1772 2554 1813 2586 ‘⁶
1841 2547 1909 2613 Si
1940 2548 2153 2613 exierit
2184 2549 2344 2630 vir‚’'
2464 2569 2559 2620 xm

467 2631 680 2710 Gallis,
709 2633 865 2696 hanc
897 2631 1282 2696 Philodemus
1314 2633 1401 2696 ait
1427 2633 1540 2696 sibi
1592 2655 1749 2717 quae
1776 2654 1974 2717 neque
2005 2653 2227 2715 magno

469 2717 606 2780 Stet
636 2719 825 2801 pretio
853 2739 1050 2802 neque
1081 2725 1402 2782 cunctetur
1456 2739 1591 2781 cum
1621 2728 1715 2782 est
1732 2721 1907 2803 jussa
1935 2719 2163 2781 venire.

466 2802 742 2866 Candida
769 2812 1056 2887 rectaque
1090 2805 1207 2881 sit3
1251 2803 1477 2867 munda
1509 2804 1802 2867 hactenus
1853 2811 1924 2866 ut
1952 2825 2151 2887 neque
2178 2803 2380 2886 longa.

463 2888 600 2952 Nec
632 2891 823 2972 magis
854 2891 992 2953 alba
1019 2891 1165 2952 velit
1217 2911 1396 2972 quam
1430 2888 1535 2952 dat
1564 2899 1783 2975 natura
1836 2889 2046 2952 videri.
2301 2943 2306 2946 .

463 2975 641 3041 Haec
697 2977 798 3038 ubi
828 2975 1137 3059 supposuit
1167 2975 1377 3040 d'extro
1408 2995 1621 3057 corpus
1652 2975 1793 3037 mihi
1823 2976 2063 3038 laevum
2458 2997 2556 3046 125

461 3061 580 3124 Ilia
610 3069 673 3124 et
705 3062 930 3144 Egeria
959 3067 1089 3123 est:
1137 3060 1213 3122 do
1243 3081 1459 3122 nomen
1490 3060 1798 3143 quodlibet
1827 3060 1933 3139 illi,
1986 3124 1991 3130 ,

461 3147 526 3210 N
531 3169 598 3210 ec
631 3168 842 3210 vereor
895 3167 970 3208 ne
995 3145 1370 3216 ‚dum'futuo
1426 3146 1519 3206 vir
1546 3167 1687 3207 rure
1720 3154 2015 3224 recurrat,

461 3233 504 3295 J
509 3254 666 3296 anua
698 3233 1033 3314 frangatur,
1064 3232 1246 3293 latret
1277 3231 1463 3309 canis,
1494 3231 1761 3314 undique
1793 3253 2013 3314 magno

461 3317 648 3380 Pulsa
679 3317 886 3379 domus
917 3317 1171 3400 strepitu
1202 3325 1463 3395 resonet,
1495 3318 1795 3400 vepallida
1822 3319 1981 3396 lecto

460 3401 719 3469 Desiliat
747 3404 983 3482 mulier,
1013 3404 1290 3477 miseram
1321 3425 1386 3466 se
1414 3405 1651 3466 conscia
1680 3405 1921 3482 clamet,
2210 3471 2223 3482 ,
2463 3428 2559 3479 130

461 3489 754 3552 Cruribus
783 3490 934 3552 haec
963 3496 1217 3568 metuat,
1251 3489 1372 3552 doti
1404 3489 1721 3572 deprensa,
1754 3494 1993 3574 egomet
2020 3490 2128 3554 m'i.

459 3574 772 3638 Discincta
802 3575 1007 3638 tunica
1035 3575 1390 3657 fugiendum
1420 3584 1513 3639 est
1543 3598 1613 3640 ac
1644 3577 1799 3660 pede
1830 3576 2013 3654 nude,

459 3661 562 3724 Ne
593 3662 819 3723 nummi
847 3669 1100 3744 pereant
1131 3668 1236 3726 aut
1267 3683 1430 3745 puga
1458 3672 1564 3725 aut
1595 3663 1855 3746 denique
1890 3663 2072 3725 fama.

459 3746 774 3831 Deprendi
803 3749 1085 3810 miserum
1117 3755 1246 3825 est3
1291 3747 1479 3812 Fabio
1510 3751 1607 3813 vel
1627 3749 1835 3833 judice
1868 3749 2125 3812 vincam.
