2742 4417
393 338 478 425 64

1261 356 1609 403 CARMINUM

733 506 983 586 Parcas,
1012 528 1126 573 nec
1157 508 1353 591 rigida
1382 511 1611 574 mollior
1640 510 1881 574 aesculo

729 592 868 657 Nec
897 594 1130 657 Mauris
1159 596 1419 658 animum
1452 596 1648 658 mitior
1677 597 1994 677 anguibus

728 678 795 743 N
796 700 872 741 on
901 680 1012 743 hoc
1043 702 1280 763 semper
1309 682 1425 744 erit
1452 682 1669 745 liminis
1698 691 1804 745 aut
1832 702 2027 767 aquae

988 763 1278 831 Caelestis
1307 767 1541 851 patiens
1568 768 1749 830 latus.

1176 896 1286 915 5⁴⁴*
1371 893 1428 903 Ἥ
1531 894 1572 914 -ι

1089 1190 1537 1258 CARMEN
1595 1152 1752 1264 xi.

729 1539 1317 1621 MERCURI,·—·—nam
1346 1542 1412 1601 te
1444 1526 1653 1602 docilis
1680 1536 1973 1621 magistro

727 1625 924 1689 Movit
953 1625 1256 1709 Amphion
1283 1620 1515 1707 lapides
1546 1623 1946 1703 canendo,—

730 1712 945 1797 Tuque
997 1710 1238 1773 testudo
1291 1728 1571 1772 resonare
1602 1717 1834 1792 septem

1072 1794 1308 1859 Callida
1335 1792 1560 1867 nervis,

731 1881 869 1946 Nec
897 1882 1119 1962 loquax
1148 1879 1285 1941 olim
1315 1898 1512 1960 neque
1544 1884 1741 1961 grata,
1770 1898 1931 1943 nunc
1962 1883 2027 1942 et

723 1966 994 2032 Divitum
1025 1964 1244 2026 mensis
1275 1970 1338 2025 et
1365 1963 1559 2026 amica
1587 1964 1843 2047 templis,
1934 2022 1941 2028 .
1972 2031 1979 2037 ,

721 2050 840 2116 Dic
863 2046 1069 2113 modos
1123 2048 1294 2131 Lyde
1326 2048 1541 2131 quibus
1572 2049 1897 2114 obstinatas

1061 2133 1350 2233 Applicet
1378 2154 1579 2237 aures3

726 2218 897 2293 Quae
952 2219 1120 2281 velut
1144 2219 1280 2281 latis
1311 2239 1471 2301 equa
1496 2216 1677 2282 trima
1704 2218 1951 2304 campiS,

723 2304 912 2368 Ludit
941 2305 1218 2367 exsultim
1248 2304 1578 2387 metuitque
1610 2306 1801 2387 tangi,

725 2390 1092 2475 Nuptiarum
1124 2411 1337 2473 expers
1392 2396 1455 2452 et
1484 2389 1681 2454 adhuc
1713 2396 1989 2474 protervo

1077 2474 1282 2539 Cruda
1309 2475 1543 2547 marito.

725 2561 819 2624 Τιι
848 2568 1016 2644 potes
1049 2556 1238 2645 tigres
1267 2556 1631 2643 comitesque
1661 2559 1843 2623 silvas

723 2646 968 2711 Ducere
1021 2654 1084 2709 et
1112 2648 1270 2709 rivos
1299 2648 1529 2710 celeres
1558 2646 1817 2707 morari·
1800 2688 1819 2721 ,

729 2730 970 2795 Cessit
951 2732 1224 2793 immanis
1253 2731 1360 2793 tibi
1390 2730 1720 2805 blandienti

1063 2815 1303 2887 Janitor
1333 2816 1505 2878 aulae

726 2899 1050 2978 Cerberus,
1081 2900 1350 2983 quamvis
1382 2900 1593 2962 furiale
1624 2903 1868 2961 centum

727 2985 1011 3049 Muniant
1039 3005 1268 3067 angues
1299 2991 1483 3069 caput
1512 2984 1641 3069 ejus
1670 2991 1853 3066 atque

731 3070 990 3200 Spiritus
1020 3076 1181 3133 teter
1209 3070 1526 3153 saniesque
1556 3074 1831 3132 manet

1069 3152 1192 3219 Ore
1225 3155 1510 3239 trilingui.

728 3195 889 3313 Quin
918 3246 982 3303 et
1009 3239 1184 3304 Ixion
1212 3241 1540 3324 Tityosque
1570 3236 1745 3304 voitu

725 3326 884 3389 Risit
911 3327 1121 3405 invito,
1152 3327 1318 3389 stetit
1347 3346 1501 3390 urna
1531 3326 1798 3409 paullum

640 3410 652 3421 “
728 3409 908 3477 Sicca
959 3406 1099 3475 dum
1131 3419 1304 3494 grato
1332 3410 1533 3475 Danai
1562 3408 1836 3498 puellas.
1824 3452 1927 3481 „a
2076 3466 2089 3485 ,.

1067 3496 1346 3561 Carmine
1366 3498 1625 3561 m.ulces
1665 3514 1721 3539 ⁶·
1756 3502 1815 3555 ι]
1892 3528 1939 3569 ι
1992 3534 1995 3539 -
2054 3526 2063 3545 ²
2108 3532 2113 3537 ’

727 3581 962 3645 Audiat
990 3581 1164 3666 Lyde
1191 3585 1387 3646 scelus
1417 3590 1598 3667 atque
1627 3586 1799 3645 notas

725 3665 1047 3750 virginum
1076 3688 1296 3751 poenas
1351 3675 1415 3731 et
1442 3669 1621 3731 inane
1648 3666 1929 3754 lymphae

725 3752 968 3817 Dolium
996 3752 1182 3815 fundo
1211 3753 1517 3835 pereuntis
1546 3753 1686 3832 im0,

1071 3837 1340 3920 Seraque
1371 3838 1499 3899 fata

2397 2303 2543 2367 10'

2399 2747 2463 2795 15
