2742 4417
951 390 1082 437 LIB.
1127 390 1234 439 111.
1284 391 1482 439 GARM.
1530 393 1595 440 V·

563 540 690 607 Sed
721 542 866 627 quid
896 542 1218 628 Typhoeus
1247 550 1312 608 et
1339 545 1573 610 validus
1602 546 1845 625 Mimas,

558 630 694 693 Aut
720 629 867 713 quid
895 630 1116 694 minaci
1144 630 1523 715 Porphyrion
1552 638 1737 713 statu,

648 712 808 788 Quid
838 715 1110 779 Rhoetus
1163 717 1504 799 evolsisque
1535 720 1761 785 truncis

729 798 1074 863 Enceladus
1093 802 1399 885 jaculator
1427 802 1626 867 audax

559 882 786 948 Contra
814 893 1126 949 sonantem
1155 886 1423 949 Palladis
1454 888 1671 971 aegida

557 968 816 1033 Possent
842 979 1086 1035 ruentes
1113 970 1139 1034 ’ἐ
1228 972 1394 1035 Hinc
1424 972 1633 1039 avidus
1666 975 1838 1041 stetit

643 1054 982 1136 Volcanus,
1011 1057 1150 1121 hinc
1178 1064 1453 1121 matrona
1478 1056 1644 1123 June
1697 1066 1763 1123 et

727 1140 1058 1224 Nunquam
1086 1142 1348 1205 humeris
1379 1144 1679 1225 positurus
1708 1165 1941 1229 arcum,

433 1284 453 1301 ,
558 1222 677 1297 Qui
704 1247 839 1289 rore
869 1248 1020 1309 puro
1051 1225 1350 1291 Castaliae
1381 1228 1529 1293 lavit

556 1309 770 1375 Crines
799 1313 1044 1391 solutos,
1074 1312 1178 1395 qui
1209 1311 1437 1396 Lyciae
1468 1320 1637 1379 tenet

641 1395 910 1461 Dumeta
937 1399 1318 1480 natalemque
1348 1399 1583 1479 silvam,

727 1480 940 1547 Delius
967 1490 1034 1547 et
1060 1483 1358 1547 Patareus
1388 1482 1627 1567 Apollo.

556 1564 673 1629 Vis
701 1567 907 1630 consili
935 1589 1151 1653 expers
1179 1570 1334 1631 mole
1363 1570 1487 1633 ruit
1512 1588 1661 1633 sua:

556 1650 704 1715 Vim
734 1660 1123 1735 temperatam
1153 1654 1217 1717 di
1245 1674 1485 1737 quoque
1516 1654 1855 1738 provehunt

639 1736 717 1799 In
745 1739 978 1821 majus;
1022 1739 1182 1803 idem
1210 1740 1394 1802 odere
1426 1740 1585 1803 vires

731 1821 925 1886 Omne
954 1826 1124 1890 nefas
1153 1824 1350 1889 animo
1379 1832 1709 1891 moventes.

554 1904 750 1970 Testis
778 1929 1048 1974 mearum
1077 1910 1450 1973 centimanus
1482 1910 1652 1995 Gyas

555 1989 1027 2070 Sententiarum,
1056 2003 1233 2057 notus
1263 2002 1328 2057 et
1353 1996 1627 2079 integrae

639 2078 927 2143 Tentator
959 2078 1146 2143 Orion
1167 2080 1403 2145 Dianae

724 2163 1020 2247 Virginea
1049 2164 1306 2229 domitus
1335 2166 1578 2249 sagitta.

552 2246 792 2332 Injecta
819 2251 1094 2315 monstris
1125 2250 1316 2313 Terra
1344 2250 1508 2315 dolet
1538 2252 1663 2317 suis

550 2330 1158 2423 Maeretque'partus
1178 2336 1427 2399 fulmine
1455 2336 1720 2402 luridum

635 2418 856 2485 Missos
883 2420 964 2483 ad
996 2420 1261 2497 Orcum3
1306 2443 1419 2487 nec
1451 2423 1689 2507 peredit
1776 2428 1783 2433 '

721 2504 1068 2589 Impositum
1098 2508 1262 2571 celer
1287 2507 1443 2590 ignis
1468 2508 1747 2589 Aetnen,

547 2589 985 2669 Incontin‘entis
1012 2612 1124 2655 nec
1155 2592 1318 2676 Tityi
1337 2594 1519 2677 jecur

547 2674 824 2758 Reliquit
851 2678 998 2756 ales,
1027 2677 1332 2761 nequitiae
1363 2677 1607 2741 additus

638 2758 854 2824 Custos
881 2782 898 2837 ;
927 2771 1254 2827 amatorem
1285 2770 1601 2827 trecentae

721 2846 1055 2913 Pirithoum
1085 2848 1363 2913 cohibent
1391 2855 1667 2913 catenae.

937 3227 1411 3347 cARMnN'
1452 3271 1539 3337 v.

637 3606 848 3673 cmm
882 3611 1220 3677 Tonantem
1251 3610 1617 3677 credidimus
1646 3606 1692 3671 J
1694 3631 1869 3677 ovem

633 3694 960 3777 Regnare:
1008 3717 1290 3780 praesens
1319 3698 1494 3759 divus
1523 3698 1841 3763 habebitur

720 3781 1040 3863 Augustus
1093 3782 1343 3866 adjectis
1373 3782 1683 3845 Britannis
1776 3784 1783 3791 ’
1822 3796 1829 3805 ’

798 3864 1059 3950 Imperio
1087 3868 1489 3952 gravibusque
1518 3868 1744 3931 Persis,

2218 383 2303 453 5⁷
