2742 4417
953 343 1084 421 121133
1129 342 1238 390 111.
1286 342 1483 389 GARM.
1529 342 1643 390 XV.

604 496 801 563 Unico
831 496 1104 581 gaudens
1131 496 1348 559 mulier
1376 496 1589 573 marito

599 583 868 650 Prodeat
907 583 1088 667 justis
1117 590 1368 666 operata
1401 582 1613 662 sacris,

600 668 686 733 Et
713 690 881 733 soror
909 669 1054 731 clari
1084 668 1254 730 ducis
1305 675 1370 731 et
1396 667 1653 731 decorae

945 752 1230 837 Supplice
1262 753 1413 815 vitta

596 838 920 922 Virginum
947 845 1172 901 matres
1213 838 1627 937 juvenumque
1656 856 1853 920 nuper

601 922 931 1021 Sospitam.
1019 923 1172 1002 VoS,
1201 944 1238 985 o
1271 923 1443 1006 pueri
1472 930 1536 985 et
1564 924 1800 1021 puellae

601 1010 649 1074 J
650 1031 747 1073 am
775 1008 969 1072 virum
999 1014 1308 1091 expertae,
1337 1009 1494 1071 male
1524 1007 1799 1075 ominatis
1864 1040 1879 1053 ·

941 1093 1186 1156 Parcite
1215 1092 1434 1155 verbis.

520 1222 534 1234 ·
603 1177 729 1243 Hic
759 1178 887 1241 dies
916 1199 1059 1241 vere
1087 1178 1233 1241 mihi
1259 1178 1450 1242 festus
1478 1184 1643 1241 atras

599 1263 844 1327 Eximet
871 1282 1084 1341 curas3
1123 1284 1250 1361 ‘ego
1278 1284 1391 1326 nec
1419 1264 1739 1326 tumultum

600 1349 738 1414 Nec
767 1348 916 1412 mori
943 1370 1055 1431 per
1083 1346 1204 1411 vim
1230 1354 1496 1412 metuam
1548 1354 1793 1412 tenente
1926 1413 1930 1417 ,

945 1431 1204 1497 Caesare
1235 1439 1449 1497 terras.

604 1518 642 1583 1
693 1525 832 1603 pete
860 1524 1256 1601 unguentum,
1286 1539 1459 1601 puer,
1488 1523 1553 1581 et
1581 1538 1828 1583 coronas

599 1604 685 1668 Et
713 1604 928 1669 cadum
959 1602 1150 1667 Marsi
1177 1624 1504 1666 memorem
1532 1604 1739 1683 duelli,

605 1688 962 1775 Spartacum
992 1690 1043 1752 si
1072 1710 1194 1773 qua
1210 1689 1412 1773 potuit
1440 1694 1765 1773 vagantem

938 1774 1175 1838 Fallere
1207 1780 1387 1838 testa.

603 1858 718 1924 Dic
748 1866 812 1923 et
839 1866 1092 1943 argutae
1123 1865 1405 1943 properet
1433 1857 1715 1922 Neaerae

602 1944 959 2009 Murrheum
988 1945 1144 2010 nodo
1173 1945 1450 2009 cohibere
1480 1945 1749 2009 crinem·
1730 1988 1751 2023 ,

606 2028 678 2095 Si
703 2052 814 2116 per
831 2030 1090 2094 invisum
1116 2050 1284 2093 mora
1301 2030 1625 2114 janitorem

945 2115 1106 2195 Fiet,
1137 2114 1318 2179 abito.

601 2199 784 2265 Lenit
811 2202 1120 2265 albescens
1149 2201 1375 2264 animos
1396 2200 1649 2284 capillus

604 2285 828 2349 Litium
857 2293 923 2352 et
947 2286 1112 2349 rixae
1141 2286 1391 2370 cupidos
1418 2292 1779 2369 protervae·
1761 2330 1780 2364 ,

602 2372 747 2437 Non
775 2393 890 2457 ego
916 2372 1030 2435 hoc
1057 2370 1280 2435 ferrem
1333 2370 1564 2435 calidus
1582 2372 1843 2457 juventa

944 2454 1202 2522 Consule
1231 2456 1481 2521 Planco.

1516 2560 1789 2681 way.

940 2883 1409 2952 GARMEN
1464 2885 1642 2953 XV.

899 2995 1262 3189 ((5

688 3223 887 3289 UXOR.
912 3244 1108 3309 ppeau
1111 3225 1194 3289 ris
1222 3110 1483 3311 Ibyci,)

482 3336 494 3347 ·
606 3310 877 3375 Tandem
904 3311 1218 3394 nequitiae
1238 3313 1358 3395 fige
1389 3311 1633 3375 modum
1659 3317 1805 3377 tuae

688 3396 1076 3480 Famosisque
1105 3397 1449 3461 laboribus·

604 3478 851 3545 Maturo
879 3482 1120 3565 propior
1147 3482 1352 3546 desine
1381 3480 1581 3546 funeri

690 3565 866 3631 Inter
891 3566 1102 3629 ludere
1131 3567 1397 3650 virgines

606 3649 692 3716 Et
720 3652 906 3715 stellis
937 3652 1216 3715 nebulam
1245 3672 1531 3736 spargere
1561 3650 1851 3717 candidis.

687 3737 831 3801 Non
883 3738 934 3801 si
962 3738 1107 3821 quid
1136 3738 1411 3803 Pholoen
1438 3737 1583 3801 satis

606 3819 692 3886 Et
717 3829 804 3903 te,
837 3822 1062 3905 Chlori,
1093 3822 1313 3889 decet:
1359 3823 1483 3889 filia
1510 3822 1735 3887 rectius

2250 294 2403 390 σι’

2271 938 2335 989 10
