2742 4417
22 2518 36 2541 ⁸
20 2368 28 2485 v—-q
16 2126 23 2331 ῥ’..
16 2016 18 2027 -

937 356 1068 403 LIB.
1115 354 1221 403 111.
1270 356 1469 403 GARM.
1512 356 1617 402 111.

655 510 848 575 Tactu
875 511 1132 589 leonem,
1161 532 1342 595 quem
1372 517 1626 573 cruenta

739 596 862 659 Per
889 596 1118 660 medias
1147 595 1308 679 rapit
1333 596 1427 658 ira
1454 522 1729 673 caedes)

560 681 760 747 Dulce
783 689 847 744 et
869 681 1155 744 decorum
1185 689 1279 745 est
1308 702 1417 765 pro
1446 681 1645 764 patria
1671 680 1857 747 mori:

566 767 738 832 Mors
767 774 830 831 et
857 768 1138 849 fugacem
1167 768 1553 850 persequitur
1582 766 1799 847 virum,

654 853 719 917 N
722 874 792 916 ec
823 853 1019 937 parcit
1045 853 1299 915 imbellis
1320 854 1613 937 juventae

740 937 1074 1023 Poplitibus
1103 938 1431 1021 timidoque
1461 946 1655 1021 tergo,

565 1022 782 1087 Virtus
833 1025 1110 1107 repulsae
1139 1023 1344 1087 nescia
1371 1024 1649 1087 sordidae

567 1108 948 1173 Intaminatis
977 1110 1173 1193 fulget
1198 1110 1542 1188 honoribus,

655 1194 722 1257 N
723 1215 793 1257 eo
823 1196 1006 1258 sumit
1033 1203 1142 1259 aut
1168 1195 1336 1279 ponit
1363 1208 1607 1258 secures
1672 1208 1679 1215 ’

739 1278 1014 1363 Arbitrio
1045 1281 1344 1365 popularis
1373 1300 1577 1343 aurae.

565 1364 782 1429 Virtus
834 1366 1154 1429 recludens
1182 1366 1491 1429 immeritis
1519 1363 1671 1429 mori

573 1450 822 1515 Caelum
871 1459 1096 1533 negata
1125 1458 1321 1515 tentat
1348 1451 1467 1513 iter
1498 1452 1615 1531 via,

661 1534 1005 1620 Coetusque
1031 1538 1316 1620 volgares
1345 1544 1410 1599 et
1438 1536 1621 1599 udam

745 1619 990 1705 Spernit
1018 1622 1262 1685 hnmt‘im
1289 1623 1565 1705 fugiente
1595 1624 1813 1707 penna.

574 1706 688 1769 Est
718 1714 782 1769 et
809 1707 972 1769 fideli
1003 1715 1136 1772 tuta
1163 1708 1399 1771 silentio

570 1791 849 1856 Merces:
898 1793 1112 1855 vetabo
1157 1793 1262 1877 qui
1291 1792 1531 1857 Cereris
1560 1811 1797 1855 sacrum

658 1876 946 1960 Vulgarit
974 1899 1230 1941 arcanae
1283 1879 1395 1941 sub
1424 1878 1617 1941 isdem

643 2012 650 2019 .
745 1962 843 2026 Sit
869 1963 1139 2027 trabibus
1189 1965 1541 2047 fragilemve
1570 1983 1809 2027 mecum

574 2046 784 2113 Solvat
811 2050 1096 2132 phaselon
1131 2071 1146 2127 ;
1225 2070 1407 2133 saepe
1438 2050 1744 2134 Diespiter

571 2133 908 2216 Neglectus
936 2135 1164 2199 incesto
1195 2136 1429 2199 addidit
1455 2134 1798 2218 integrum:
1908 2202 1917 2211 ,

657 2220 822 2283 Raro
851 2220 1309 2285 antecedentem
1331 2222 1652 2285 scelestum

743 2305 1030 2370 Deseruit
1057 2306 1212 2403 pedo
1241 2306 1451 2371 Poena
1479 2306 1714 2371 claudo.

876 2732 1343 2800 OARMEN
1396 2734 1583 2800 ΙΙΙ.

568 2906 617 2971 J
619 2922 830 2970 usum
858 2912 924 2971 et
950 2912 1226 2971 tenacem
1254 2905 1539 2991 propositi
1570 2906 1766 2970 virum

571 2993 716 3059 Non
746 2992 964 3055 civium
993 2993 1172 3056 ardor
1199 3013 1389 3077 prava
1406 2992 1771 3076 jubentium,

656 3078 721 3142 N
723 3100 802 3142 on
834 3077 1050 3145 voltus.
1061 3078 1336 3141 instantis
1367 3078 1608 3162 tyranni

743 3163 955 3227 Mente
987 3164 1182 3247 quatit
1210 3163 1421 3241 solida,
1452 3183 1649 3245 neque
1677 3161 1911 3227 Auster

569 3247 716 3313 Dux
743 3249 997 3331 inquieti
1025 3249 1300 3313 turbidus
1330 3248 1631 3328 Hadriae,

571 3334 712 3399 Nec
741 3334 1106 3398 fulminantis
1135 3354 1357 3416 magna
1378 3354 1589 3397 manus
1616 3332 1661 3397 J
1662 3332 1828 3412 ovis;

667 3418 735 3483 Si
763 3419 994 3483 fractus
1020 3420 1302 3483 illabatur
1330 3418 1488 3482 orbis

749 3504 1128 3589 Impavidum
1149 3505 1369 3568 ferient
1398 3504 1626 3567 ruinae.

577 3588 718 3653 Hac
750 3598 880 3653 arte
915 3590 1130 3653 Pollux
1163 3598 1225 3653 et
1253 3610 1445 3672 vagus
1474 3588 1777 3652 Hercules

583 3674 805 3741 Enisus
838 3696 1010 3741 arces
1039 3676 1241 3759 attigit
1267 3677 1498 3758 igneas,

667 3758 830 3837 Quos
851 3762 1011 3824 inter
1037 3761 1356 3845 Augustus
1390 3759 1745 3824 recumbens
1824 3818 1829 3825 .

753 3846 1247 3962 Purpureo-bibit
1273 3868 1377 3911 ore
1406 3852 1639 3909 nectar.
1732 3877 1851 3915 Nx
1942 3897 1973 3932 Γ,

1011 3931 1052 4002 5
1682 3925 1735 4007 Χ]
1794 3962 1882 4016 th*
1926 3961 1944 4030 Ξι
2068 3964 2082 3979 .

1922 4039 1931 4078 .¹

2218 334 2305 401 53

2246 868 2307 917 15

2257 3688 2319 3741 10
