2742 4417
950 370 1082 418 Lm.
1128 372 1234 419 111.
1281 370 1479 418 cAnM.
1528 371 1622 419 VI.

588 525 800 591 Donec
828 524 1104 589 labantes
1133 526 1375 590 consilio
1417 532 1623 609 patres

588 612 890 676 Firmaret
919 623 1132 675 auctor
1157 632 1465 695 nunquam
1496 612 1645 675 alias
1674 610 1841 693 dato,

679 696 972 780 Interque
1001 705 1338 762 maerentes
1367 698 1591 761 amicos

765 781 1068 865 Egregius
1097 791 1452 866 properaret
1476 782 1669 847 exsul.

594 867 791 951 Atqui
819 868 1050 931 sciebat
1077 888 1232 951 quae
1261 868 1375 931 sibi
1405 869 1694 932 barbarus

594 953 811 1018 Tortor
838 960 1084 1036 pararet
1108 973 1125 1029 ;
1165 975 1285 1019 non
1315 954 1492 1017 aliter
1520 961 1723 1017 tamen

677 1037 946 1103 Dimovit
973 1039 1278 1102 obstantes
1309 1041 1691 1122 propinquos,

634 1133 641 1142 ’
763 1122 850 1186 Et
876 1125 1160 1207 populum
1189 1124 1421 1187 reditus
1450 1132 1805 1205 morantem,

596 1205 792 1281 Quam
824 1209 874 1272 si
905 1209 1190 1272 clientum
1219 1210 1403 1291 longa
1428 1210 1671 1293 negotia

591 1292 942 1378 Dijudicata
969 1295 1074 1357 lite
1104 1294 1497 1377 relinqueret,

679 1378 960 1443 Tendens
991 1379 1372 1443 Venafranos
1400 1380 1465 1442 in
1490 1400 1669 1466 agros

765 1464 902 1528 Aut
927 1464 1473 1529 Lacedaemonium
1500 1466 1849 1531 Tarentum.

951 1893 1411 1959 CARMEN
1469 1894 1627 1960 Vl.

590 2236 885 2303 DELICTA
913 2238 1204 2323 majorum
1235 2236 1567 2302 immeritus
1594 2238 1749 2322 lues,

594 2324 888 2403 Romane,
919 2323 1111 2386 donec
1141 2326 1364 2407 templa
1394 2324 1679 2388 refeceris
1812 2396 1825 2405 ‚

676 2410 1006 2493 Aedesque
1036 2410 1306 2472 labentes
1335 2409 1583 2473 deorum
1637 2416 1701 2473 ct

762 2494 970 2558 Foeda
997 2514 1170 2576 nigro
1199 2495 1519 2558 simulacra
1545 2494 1729 2558 sume.
1832 2558 1851 2577 ‚

595 2579 709 2645 Dis
739 2586 799 2642 te
830 2580 1114 2643 minorem
1146 2580 1306 2662 quod
1335 2581 1497 2663 geris
1548 2579 1841 2663 imperas:

592 2666 758 2730 Hinc
790 2686 962 2729 omne
993 2665 1369 2749 principium,
1400 2666 1521 2729 huc
1549 2666 1712 2729 refer
1740 2665 1985 2731 exitum.

679 2751 761 2814 Di
789 2752 979 2813 multa
1007 2751 1269 2833 neglecti
1300 2750 1601 2815 dederunt

765 2836 1104 2918 Hesperiae
1133 2837 1292 2898 mala
1321 2837 1649 2899 luctuosae.

593 2920 737 2985 Jam
763 2922 856 2985 bis
887 2922 1206 2993 Monaeses
1235 2930 1300 2984 et
1329 2922 1543 2985 Pacori
1573 2942 1784 2987 manus

590 3006 657 3072 N
658 3028 732 3070 on
764 3008 1100 3089 auspicatos
1131 3007 1402 3069 contudit
1427 3007 1685 3090 impetus

680 3092 937 3156 Nostros
991 3100 1053 3154 et
1082 3091 1372 3175 adjecisse
1404 3092 1691 3176 praedam

763 3177 1098 3261 Torquibus
1129 3177 1360 3259 exiguis
1390 3177 1648 3241 renidet.

595 3260 801 3326 Paene
831 3270 1192 3345 occupatam·
1211 3262 1598 3327 seditionibus

592 3348 838 3413 Delevit
866 3347 1332 3411 Urbem'Dacus
1362 3356 1426 3412 et
1456 3347 1773 3434 Aethiops,

682 3433 805 3496 Hic
837 3434 1026 3497 classe
1057 3433 1431 3513 formidatus,
1461 3434 1577 3497 ille·

666 3566 672 3573 .
753 3517 1095 3601 -Missilibus
1124 3519 1333 3581 melior
1361 3519 1618 3603 sagittis.

592 3603 884 3667 Fecunda
913 3604 1126 3687 cnlpae
1155 3605 1360 3667 secula
1388 3605 1629 3688 nuptias

596 3687 866 3752 Primum
895 3690 1284 3772 inquinavere
1315 3697 1379 3752 et
1407 3710 1598 3773 genus
1628 3695 1692 3771 et
1720 3688 1924 3753 domos
1956 3708 1979 3770 3

665 3773 819 3838 Hoc
850 3775 1017 3838 fonte
1047 3773 1315 3838 derivata
1344 3776 1549 3839 clades

772 3858 849 3923 In
879 3861 1134 3945 patriam
1163 3862 1563 3945 populumque
1590 3859 1782 3923 fluxit.

2248 356 2335 421 59

2268 546 2335 595 ⁴5

2268 3449 2333 3501 15
2408 3507 2432 3513 ,-
