2742 4417
408 314 536 377 222
822 306 829 311 ’
891 331 1337 379 ΕΡιετοιΑιωΜ
1382 333 1513 379 Lm.
1557 332 1636 380 11.
1683 333 1884 381 Emer.
1931 334 2010 383 11.

411 479 543 545 Scit
572 480 824 559 Genius,
854 484 1053 547 natale
1082 505 1281 548 comes
1310 485 1416 568 qui
1446 490 1746 569 temperat
1773 492 2022 567 astrum,

405 566 680 631 Naturae
712 568 861 632 deus
888 568 1206 648 humanae,
1235 571 1500 633 mortalis
1527 570 1590 632 in
1619 593 1806 635 unum
1917 578 1930 596 ·

407 650 700 735 Quodque
730 660 934 737 caput,
964 656 1135 718 vultu
1162 656 1486 735 mutabilis,
1515 656 1685 719 albus
1717 662 1782 720 et
1809 663 1962 720 ater.

402 736 564 800 Utar
593 744 658 801 et
684 759 758 801 ex
787 739 1020 803 modico
1070 747 1359 823 quantum
1390 761 1488 803 res
1515 748 1724 823 poscet
1775 762 1992 806 acerve

400 822 651 902 Tollam,
680 845 793 888 nec
821 831 1087 888 metuam
1139 825 1283 908 quid
1312 826 1391 887 de
1416 847 1512 889 me
1532 826 1769 909 judicet
1797 828 1996 907 heres,

401 906 579 981 Quod
606 930 725 972 non
753 910 927 993 plura
956 909 1112 975 datis
1140 911 1439 973 invenerit
1465 932 1483 987 ;
1529 917 1593 974 et
1619 918 1822 974 tamen
1847 912 2011 976 idem

403 991 574 1055 Scire
603 995 797 1057 volam
848 1002 1139 1078 quantum
1167 996 1418 1079 simplex
1444 996 1770 1079 hilarisque
1797 998 2002 1081 nepoti

399 1078 723 1162 Discrepet
749 1086 813 1143 et
840 1081 1462 1163 quantum⁰discerdet
1499 1101 1716 1164 parcus
1751 1102 1953 1147 avare.

398 1162 604 1226 Distat
632 1165 790 1227 enim
840 1185 1089 1248 spargas
1118 1172 1227 1229 tua
1253 1166 1538 1249 prodigus
1591 1186 1670 1229 an
1695 1186 1896 1251 neque
1925 1172 2230 1252 sumptum

397 1247 634 1311 Invitus
662 1249 847 1313 facias
874 1270 1075 1333 neque
1104 1251 1279 1334 plura
1306 1271 1520 1334 parare
1547 1251 1806 1330 labores,

397 1332 496 1396 Ac
527 1334 745 1416 potiuS,
775 1356 926 1417 puer
955 1342 1025 1398 ut
1052 1336 1221 1399 festis
1253 1335 1734 1422 Quinquatribus
1759 1336 1925 1421 olim,

398 1416 636 1501 Exiguo
666 1427 955 1503 gratoque
984 1421 1205 1485 fruaris
1232 1427 1500 1505 tempore
1528 1420 1768 1505 raptim.

397 1502 727 1587 Pauperies
755 1504 1061 1570 immunda
1080 1506 1296 1572 domus
1326 1507 1536 1589 procul
1563 1507 1760 1570 absit:
1809 1526 1947 1589 ego,
1975 1511 2180 1572 utrum

396 1588 576 1653 Nave
604 1590 768 1653 ferar
794 1612 1013 1675 magna
1042 1612 1121 1655 an
1148 1612 1357 1676 parva,
1387 1591 1552 1655 ferar
1576 1611 1734 1655 unus
1757 1597 1821 1654 et
1847 1592 2031 1657 idem.

397 1673 463 1737 Ν
463 1696 541 1737 en
570 1676 804 1758 agimur
830 1677 1075 1741 tumidis
1103 1676 1251 1740 velis
1280 1676 1554 1760 aquilone
1581 1676 1844 1740 secundo
1869 1695 1888 1753 3

396 1758 464 1822 N
462 1782 542 1823 on
576 1767 777 1824 tamen
805 1761 1071 1825 adversis
1098 1767 1361 1825 aetatem
1393 1762 1666 1826 ducimus
1693 1762 1938 1845 austris,

396 1844 669 1925 Viribus,
698 1846 961 1928 ingenio,
992 1848 1215 1930 specie,
1245 1847 1492 1927 virtute,
1520 1848 1675 1925 loce,
1696 1867 1784 1926 re,

398 1928 671 1993 Extremi
698 1932 1043 2014 primorum,
1072 1933 1353 1997 extremis
1381 1953 1573 2015 usque
1603 1931 1852 2016 priores·

399 2014 545 2077 Non
572 2036 638 2079 es
666 2037 924 2081 avarus:
972 2018 1107 2095 abi3
1152 2018 1324 2103 quid,
1350 2027 1598 2083 caetera
1615 2020 1746 2103 jam
1771 2016 1952 2083 simul
1977 2014 2094 2081 isto

402 2098 555 2163 Cum
585 2100 726 2165 vitio
753 2102 967 2184 fugere
994 2101 1021 2165 ’ἒ
1110 2102 1297 2167 Caret
1324 2102 1434 2165 tibi
1461 2109 1674 2185 pectus
1701 2102 1866 2167 inani

397 2184 743 2251 Ambitione
771 2186 798 2250 ‘2
824 2188 1009 2254 Caret
1036 2188 1243 2251 mortis
1270 2187 1585 2252 formidine
1615 2194 1678 2251 et
1705 2186 1851 2252 ira?

403 2269 667 2351 Somnia,
698 2278 957 2337 terrores
986 2274 1273 2357 magicoe,
1302 2274 1612 2351 miracula,
1643 2293 1843 2355 sagas,

398 2356 465 2421 N
466 2363 744 2421 octurnos
773 2359 1033 2423 lemures
1062 2365 1456 2442 portentaque
1485 2358 1776 2422 Thessala
1804 2354 2022 2423 rides?

400 2441 656 2507 Natales
686 2449 857 2526 grate
886 2442 1217 2507 numeras?
1244 2441 1518 2527 Ignoscis
1547 2442 1805 2508 amicis?

399 2527 622 2591 Lenior
650 2535 714 2592 et
740 2529 948 2593 melior
974 2530 1047 2593 fis
1076 2529 1404 2593 accedente
1433 2527 1731 2593 senecta?

401 2612 562 2686 Quid
591 2619 653 2677 te
683 2620 961 2697 exempta
986 2615 1153 2678 levat
1178 2614 1363 2697 spinis
1392 2614 1470 2677 de
1499 2614 1769 2698 pluribus
1796 2610 1971 2677 una?

400 2698 629 2763 Vivere
658 2698 710 2762 si
738 2707 905 2763 recte
932 2700 1131 2763 nescis
1182 2699 1412 2763 decede
1439 2698 1672 2785 peritis.

401 2783 626 2847 Lusisti
655 2784 823 2864 satie,
853 2784 1031 2848 edisti
1058 2785 1203 2849 satis
1231 2792 1414 2869 atque
1443 2784 1644 2849 bibisti
1669 2803 1688 2861 ;

400 2868 663 2952 Tempus
692 2870 854 2933 abire
885 2870 993 2933 tibi
1022 2876 1136 2950 est,
1166 2892 1242 2935 ne
1274 2877 1480 2954 potum
1509 2870 1738 2955 largius
1769 2887 1962 2953 aequo

402 2953 628 3021 Rideat
655 2960 720 3020 et
746 2956 946 3042 pulset
972 2956 1196 3022 lasciva
1224 2956 1536 3021 decentius
1563 2962 1752 3022 aetas.
1776 2954 1820 2987 ’⁹

2385 766 2486 815 100

2379 1190 2486 1239 195

2375 2460 2482 2511 210

2381 2861 2498 2913 215

2341 2954 2360 2979 Ο
