2742 4417
1016 790 1504 881 Q.HORAT11
1547 718 1865 865 mcci
1934 736 1958 761 ⁶

930 1044 1012 1132 E
1116 1043 1194 1129 P
1295 1042 1379 1130 o
1485 1039 1567 1127 D
1670 1002 1755 1126 ὀ
1834 1028 1953 1124 ’Ν

1291 1232 1563 1347 ‘LIBER

1263 1484 1601 1561 '-—-0-—

1136 1710 1748 1781 GARMENI.

759 1952 904 2019 IB1S
932 1950 1214 2014 Liburnis
1242 1949 1403 2012 inter
1432 1948 1555 2011 alta
1582 1947 1850 2033 navium,

838 2036 1080 2115 Amice,
1110 2033 1583 2119 propugnacula,

755 2123 1018 2189 Paratus
1047 2140 1218 2183 omne
1252 2117 1529 2183 Caesaris
1559 2121 1897 2205 periculum

843 2205 1082 2285 Subire,
1112 2205 1465 2284 Maecenas,
1493 2210 1612 2267 tuo.

755 2291 918 2368 Quid
945 2310 1076 2368 nos,
1144 2290 1359 2373 quibus
1392 2297 1451 2353 te
1485 2291 1609 2354 vita
1636 2290 1689 2353 si
1717 2290 2039 2376 superstite
2133 2381 2138 2385 ¹

838 2376 884 2440 J
887 2376 1147 2456 ucunda,
1177 2376 1228 2439 si
1258 2382 1469 2439 contra
1521 2376 1771 2459 gravis?

757 2462 1058 2545 Utrumne
1079 2462 1234 2545 jussi
1263 2482 1695 2545 persequemur
1723 2463 1931 2543 otium,

841 2546 985 2611 Non
1014 2547 1188 2609 dulce
1242 2547 1306 2609 ni
1334 2553 1535 2609 tecum
1566 2547 1763 2626 simul,

761 2632 866 2697 An
895 2632 1056 2696 hunc
1085 2633 1352 2697 laborem
1379 2642 1582 2694 mente
1612 2632 1793 2695 laturi
1840 2632 2021 2695 decet

840 2715 976 2792 Qua
1004 2718 1164 2780 ferre
1193 2738 1313 2779 non
1341 2718 1549 2779 molles
1578 2717 1735 2778 viros
1760 2716 1787 2778 ⁴?

759 2804 1051 2868 Feremus
1105 2809 1169 2865 et
1196 2809 1257 2865 te
1289 2802 1385 2863 vel
1458 2822 1525 2863 er
1552 2800 1804 2883 Alpium
1821 2802 1978 2886 juga

842 2887 1271 2969 Inhospitalem
1302 2894 1365 2948 et
1450 2906 1757 2966 aucasum,

759 2973 882 3038 Vel
915 2970 1261 3035 Occidentis
1290 2991 1483 3053 usque
1514 2970 1592 3033 ad
1606 2972 1897 3051 ultimum
1924 2972 2121 3037 sinum

843 3057 1012 3119 Forti
1041 3076 1362 3138 sequemur
1392 3062 1657 3157 pectore.

763 3141 968 3223 Reges
1021 3147 1193 3204 tuum
1221 3141 1424 3204 labore
1457 3141 1650 3225 quid
1621 3164 1833 3225 Juvem
1860 3163 2015 3230 mec,

851 3226 1117 3289 Imbellis
1147 3247 1218 3289 ac
1247 3227 1456 3290 firmus
1485 3227 1746 3309 parum?

767 3310 980 3375 Comes
1011 3312 1235 3382 minore
1265 3333 1399 3375 sum
1426 3313 1708 3375 futurus
1693 3335 1754 3376 m
1782 3318 1973 3393 metu,

832 3396 949 3471 Qui
979 3398 1170 3481 major
1199 3398 1478 3461 absentes
1508 3398 1734 3475 habet3

768 3482 864 3547 Ut
892 3483 1159 3547 assidens
1187 3483 1567 3567 implumibus
1598 3483 1772 3566 pullis
1800 3482 1929 3548 avis

857 3567 1239 3652 Serpentium
1270 3570 1531 3653 allapsus
1561 3569 1733 3631 timet

766 3652 971 3736 Magis
1002 3654 1247 3733 relictiS,
1277 3676 1420 3733 non,
1449 3661 1521 3716 ut
1550 3654 1730 3735 adsit,
1760 3653 1943 3717 auxili

855 3738 1085 3802 Latura
1112 3738 1246 3823 plus
1276 3739 1713 3824 praesentibus.

2444 2736 2517 2786 10

2446 3166 2514 3215 15
