2742 4417
869 749 946 828 Q.
991 751 1370 848 HonAgrn
1427 743 1745 822 FLACOI

729 993 1898 1085 CARMINUM

982 1246 1210 1304 LIBER
1253 1247 1632 1312 QUARTUS.

1155 1469 1466 1517 *-

1003 1663 1485 1732 GARMEN
1541 1667 1614 1734 1.

615 1919 1040 1999 LwnnmssA,
1069 1918 1306 2002 Venus,
1335 1920 1444 1986 diu

528 2006 766 2072 Rursus
795 2007 953 2070 bella
979 2005 1234 2070 moves?
1324 2007 1545 2086 Parce,
1575 2029 1811 2092 precor,
1840 2029 2065 2094 precor.

617 2092 760 2156 Non
790 2115 922 2155 sum
975 2093 1168 2176 qualis
1191 2113 1356 2157 eram
1385 2093 1576 2158 bonae

533 2177 662 2244 Sub
691 2199 878 2261 regno
912 2176 1189 2242 Cinarae.
1279 2179 1530 2260 Desine,
1560 2180 1825 2245 dulcium

613 2262 818 2328 Mater
845 2285 1026 2327 saeva
1056 2262 1442 2349 Cupidinum,

532 2349 714 2414 Circa
742 2351 932 2412 lusssra
960 2350 1172 2413 decem
1199 2351 1445 2414 flectere
1480 2351 1755 2416 mollibus

615 2435 662 2498 J
665 2456 762 2498 am
790 2435 1050 2498 durum
1033 2436 1332 2518 imperiis:
1382 2437 1479 2500 abi

530 2519 666 2595 Quo
693 2520 998 2584 blandae
969 2542 1261 2605 Juvenum
1291 2527 1354 2584 te
1385 2530 1673 2586 revocant
1698 2542 1931 2607 preces-

617 2606 1099 2690 Tempestivius
1082 2629 1145 2669 m
1175 2606 1417 2670 domum

530 2690 732 2755 Paulli
781 2692 1098 2774 purpureis
1128 2694 1253 2756 ales
1281 2693 1540 2757 oloribus

619 2776 1027 2841 comissabere
1056 2777 1329 2857 Maximi,

535 2861 606 2928 Si
633 2869 863 2926 torrere
882 2863 1081 2948 jecur
1093 2863 1333 2946 quaeris
1361 2863 1679 2926 idoneum.

618 2947 900 3031 Namque
931 2955 996 3011 et
1023 2940 1234 3012 nobilis
1287 2954 1353 3010 et
1380 2947 1602 3014 decens

531 3032 620 3098 Et
647 3051 756 3116 pro
783 3033 1048 3096 sollicitis
1077 3054 1200 3096 non
1225 3032 1447 3097 tacitus
1477 3033 1597 3098 reis

617 3118 702 3181 Et
730 3124 972 3180 centum
1001 3139 1154 3202 puer
1179 3118 1405 3182 artium

530 3201 685 3267 Late
716 3202 888 3286 signa
915 3203 1078 3266 feret
1103 3204 1350 3267 militiae
1368 3211 1548 3304 puae,

618 3288 702 3351 Et
757 3287 1116 3373 quandoque
1155 3291 1458 3373 Ροῢθηὺὶοι·
1564 3331 1575 3342 ·

529 3372 717 3458 Largi
743 3375 1090 3438 muneribus
1119 3375 1322 3438 riserit
1349 3376 1569 3442 aemuli

616 3460 888 3523 Albanos
916 3481 1100 3544 prope
1131 3467 1193 3524 te
1223 3461 1395 3524 lacus

527 3543 728 3609 Ponet
753 3566 1146 3610 marmoream
1177 3547 1288 3610 sub
1320 3547 1490 3615 trabe
1522 3546 1731 3612 citrea.

615 3630 750 3694 Illic
779 3631 1036 3714 plurima
1063 3632 1308 3695 naribus
1478 3675 1484 3684 -

527 3715 736 3782 Duces
765 3717 966 3798 thura,
994 3718 1286 3802 lyraeque
1316 3723 1385 3782 et
1410 3717 1817 3802 Berecyntiae

2298 2718 2355 2766 10

2301 3143 2357 3192 15
