2742 4417
993 369 1121 416 ΗΒ.
1166 367 1242 414 11.
1293 365 1426 416 sAr.
1472 367 1547 415 11.
2181 347 2309 414 155

161 529 172 536 '
199 522 436 587 Militia
465 529 774 587 assuetum
805 524 1103 606 graecari,
1134 545 1244 587 seu
1272 523 1397 607 pila
1424 523 1601 586 velox

200 609 487 672 Molliter
517 611 1053 673 austerum-studio
1076 611 1322 673 fallente
1354 609 1642 686 laborem,

203 695 340 759 Seu
371 705 436 758 te
472 694 674 759 discus
705 697 853 778 agit,
886 705 1025 778 pete
1057 696 1375 759 cedentem
1407 698 1555 758 aiira
1586 696 1785 773 disco;

200 781 370 844 Cum
401 782 572 845 labor
597 782 901 845 extuderit
929 782 1194 859 fastidia,
1223 783 1443 860 siccuS,
1474 781 1667 844 inanis

207 866 456 951 Sperne
491 869 687 932 cibum
719 868 936 942 vilem3
968 869 1082 932 nisi
1111 868 1435 952 Hymettia
1463 869 1641 930 mella
1672 866 1931 930 Falerno
2007 887 2012 893 ·
2241 885 2303 933 15

201 953 312 1016 Ne
345 954 570 1016 biberis
603 954 814 1016 diluta.
905 954 1080 1017 Foris
1111 962 1206 1016 est
1235 975 1479 1037 promus
1508 962 1574 1016 et
1603 962 1802 1016 atrum

203 1039 573 1104 Defendens
603 1041 798 1123 pisces
828 1040 1055 1103 hiemat
1081 1061 1279 1102 mare.
1331 1061 1470 1102 cum
1499 1041 1624 1101 sale
1655 1039 1828 1122 panis

202 1125 574 1188 Latrantem
605 1126 974 1188 stomachum
1007 1127 1160 1188 bene
1190 1125 1397 1188 leniet.
1490 1124 1673 1188 Unde
1706 1135 1883 1209 putas
1914 1129 2021 1188 aut

203 1210 332 1284 Qui
366 1219 608 1294 partum
624 1211 662 1273 ⁶?-
742 1212 927 1274 Non'
913 1235 973 1274 m
1005 1233 1145 1275 caro
1175 1211 1385 1274 nidore
1410 1212 1681 1294 voluptas

200 1295 460 1360 Summa
490 1298 597 1360 sed
627 1298 688 1359 in
719 1305 779 1360 te
809 1299 938 1380 ipso
970 1309 1082 1372 est.
1175 1298 1268 1360 Tu
1299 1299 1698 1381 pulmentaria
1728 1318 1951 1380 quaere
2233 1314 2298 1362 2⁰

199 1382 536 1459 Sudand03
585 1385 867 1466 pinguem
904 1384 1058 1447 vitiis
1090 1385 1409 1467 albumque
1442 1405 1637 1466 neque
1672 1395 1875 1446 ostrea

93 1497 102 1508 ·
200 1469 272 1530 N
276 1491 348 1532 ec
381 1490 589 1532 scarus
623 1483 728 1531 aut
758 1471 981 1553 poterit
1011 1471 1332 1553 peregrina
1352 1471 1569 1553 juvare
1601 1469 1805 1552 lagois,

194 1554 331 1617 Vix
364 1564 566 1618 tamen
597 1556 844 1638 eripiam
879 1558 1070 1638 posito
1103 1577 1332 1638 pavone
1369 1557 1512 1618 velis
1544 1556 1687 1638 quin

194 1640 342 1703 Hoc
377 1643 573 1724 potius
603 1664 785 1742 quam
819 1644 1041 1724 gallina
1073 1650 1310 1724 tergere
1343 1643 1629 1724 palatum,

197 1726 545 1810 Corruptus
579 1729 745 1790 vanis
779 1751 1002 1804 rei-,um
1035 1729 1176 1811 quia-
1168 1695 1431 1790 evaneat
1461 1749 1606 1789 auro
2227 1747 2293 1796 25

193 1812 371 1875 Rara
400 1814 528 1876 avis
559 1823 623 1877 et
653 1815 814 1897 pict-a
845 1776 1071 1898 pandat
1101 1815 1447 1896 spectacula
1478 1799 1703 1888 cauda3

194 1899 535 1982 Tamquam
567 1901 646 1962 ad
678 1922 802 1962 rem
833 1901 1090 1962 attineat
1119 1901 1465 1983 quidquam.
1561 1900 1727 1962 Num
1761 1899 2023 1963 vesceris
2054 1897 2170 1962 ista

161 1985 168 1990 ’
197 1984 400 2058 Quam
431 1987 642 2049 laudas
675 1986 918 2069 pluma?
1011 1986 1199 2050 Cocto
1228 2009 1371 2048 num
1404 1987 1577 2049 adest
1606 1988 1795 2048 honor
1824 1988 2026 2050 idem.
2005 1985 2031 2030 ‘²

197 2070 401 2134 Carne
435 2073 942 2155 tamen-quamvis
973 2073 1158 2135 distat
1189 2074 1293 2150 nil,
1323 2074 1439 2135 hac
1470 2073 1661 2154 magis
1698 2074 1860 2137 illam

200 2157 546 2240 Imparibus
576 2158 778 2220 formis
794 2159 1130 2258 ’deceptum
1164 2166 1222 2222 te
1257 2159 1495 2240 petere!
1588 2159 1774 2222 Esto:
2227 2179 2291 2230 30

199 2243 385 2307 Unde
418 2244 624 2306 datum
657 2246 842 2306 sentis
876 2247 1050 2343 lupus
1081 2248 1174 2308 hic
1208 2245 1525 2307 Tiberinus
1558 2267 1636 2306 an
1668 2247 1788 2310 alto

195 2327 430 2413 Captus
460 2330 608 2405 hiet,
640 2343 928 2413 pontesne
960 2332 1118 2394 inter
1137 2333 1407 2430 jactatus
1438 2353 1512 2394 an
1546 2332 1735 2394 amnis

196 2414 373 2478 Ostia
403 2417 516 2478 sub
549 2416 770 2479 Tusci?
862 2417 1126 2491 Laudas,
1162 2419 1391 2495 insane,
1424 2419 1713 2480 trilibrem

196 2500 508 2564 Mullum
493 2525 553 2564 m
587 2503 822 2584 singula
856 2526 1034 2587 quem
1067 2505 1300 2566 minuas
1333 2505 1641 2586 pulmenta
1670 2524 1919 2567 necesse
1951 2508 2063 2567 est.

195 2586 385 2650 Ducit
419 2598 477 2650 te
509 2590 739 2671 species
773 2591 981 2664 video:
1035 2613 1152 2674 quo
1185 2592 1449 2673 pertinet
1479 2612 1545 2652 er
1548 2611 1623 2668 ro
1812 2653 1819 2660 ,
2223 2608 2287 2657 35

196 2674 496 2748 Proceros
528 2675 722 2738 odisse
755 2676 974 2758 lupos?
1067 2677 1223 2750 Quia
1254 2677 1488 2742 scilicet
1518 2677 1631 2738 illis

193 2759 494 2860 Majorem
525 2773 744 2824 natura
773 2763 1013 2824 modum
1045 2763 1234 2840 dedit,
1268 2764 1359 2826 his
1392 2764 1575 2825 breve
1608 2762 1863 2847 pondus.

192 2845 237 2909 J
241 2869 456 2930 eJunus
488 2868 622 2910 raro
653 2849 995 2910 stomachus
1029 2851 1296 2930 volgaria
1325 2850 1554 2911 temnit.

195 2939 236 2972 ‘⁶
256 2933 611 2996 Porrectum
644 2956 740 2996 ma
742 2956 860 3016 gno
890 2956 1171 3018 magnum
1204 2946 1479 3018 spectare
1512 2936 1711 3000 catino

194 3018 502 3094 Vellemss’
538 3021 624 3082 ait
659 3021 947 3104 Harpyiis
980 3023 1123 3104 gula
1153 3022 1258 3083 div
1218 3044 1338 3104 gna
1369 3024 1706 3105 rapacibuS.
1798 3020 1890 3084 At
1920 3041 2048 3099 VOS,
2220 3043 2284 3091 40

194 3068 558 3169 Praesetites
588 3107 825 3184 Austri,
859 3108 1095 3190 coquite
1129 3109 1339 3170 horum
1371 3109 1636 3184 obsonia,
1658 3145 1739 3155 —
1760 3128 2125 3192 quamquam

197 3191 381 3255 Putet
412 3214 560 3276 aper
591 3193 992 3276 rhombusque
1015 3215 1260 3271 recenS,
1293 3195 1450 3255 mala
1481 3195 1655 3275 copia
1686 3194 1927 3276 quando

194 3279 470 3360 Aegrum
501 3279 782 3342 sollicitat
811 3281 1208 3358 stomachum,
1241 3301 1376 3342 cum
1408 3281 1622 3361 rapula
1654 3281 1864 3362 plenus

196 3365 399 3447 Atque
435 3365 644 3426 acidas
675 3367 896 3428 mavolt
930 3367 1140 3428 inulas.
1231 3365 1514 3428 Necdum
1544 3366 1733 3428 omnis
1768 3368 1983 3429 abacta

197 3449 528 3532 Pauperies
559 3451 749 3532 epulis
782 3473 1033 3534 regum,
1018 3473 1032 3487 ·
1084 3473 1223 3514 nam
1257 3452 1473 3514 vilibus
1504 3451 1631 3513 ovis
1909 3486 1916 3493 -
2215 3472 2279 3520 45

196 3535 526 3619 Nigrisque
559 3545 652 3598 est
682 3537 827 3600 oleis
859 3538 1034 3601 hodi’e
1066 3538 1288 3600 locus„
1342 3536 1531 3600 Haud
1563 3537 1649 3599 ita
1679 3536 1927 3621 pridem

198 3621 428 3685 Galloni
461 3623 776 3706 praeconis
809 3630 938 3685 erat
970 3623 1318 3706 acipensere
1348 3643 1560 3685 mensa

198 3707 459 3772 Infamia.
551 3707 734 3786 Quid,
767 3717 908 3772 tunc
942 3709 1217 3772 rhombos
1246 3709 1445 3772 minus
1477 3729 1743 3792 aequora
1775 3662 2064 3774 alebant?

195 3793 376 3857 Tutus
409 3799 545 3856 erat
574 3794 854 3857 rhombus
887 3805 1136 3878 tutoque
1169 3795 1401 3858 ciconia
1429 3794 1572 3857 nido

191 3879 392 3945 Donec
426 3901 533 3946 vos
559 3891 768 3944 auctor
797 3881 1002 3945 docuit
1030 3881 1385 3965 praetorius.
1478 3879 1645 3965 Ergo
2214 3904 2279 3953 50
2362 3907 2369 3914 ·
