2742 4417
974 350 1103 395 LIB.
1150 348 1198 394 1.
1247 350 1448 395 EPIST.
1496 348 1545 396 1.

214 500 444 580 Nema,
472 523 627 585 quae
656 523 912 585 regnum
940 509 1105 565 recte
1136 502 1493 565 facientibus
1523 505 1717 584 offert,

214 586 299 650 Et
330 590 597 651 maribus
627 588 821 651 Curiis
842 597 915 655 ,et
947 588 1267 651 decantata
1301 586 1564 651 Camillis
1589 588 1615 652 ⁴?

212 673 359 736 Isne
395 675 499 737 tibi
529 674 737 737 melius
767 674 982 736 suadet
1036 675 1137 755 qui
1168 695 1294 735 rem
1324 674 1532 753 facias,
1563 696 1711 753 rem,

216 758 282 820 Si
312 760 507 842 possis
559 769 747 836 recte,
778 760 829 823 si
857 780 974 820 non
1028 779 1388 843 quocunque
1435 761 1608 823 modo
1639 781 1791 841 rem,

210 844 303 907 Ut
334 846 578 928 propius
608 854 845 927 spectes
888 844 1207 907 lacrimosa
1236 846 1512 927 poemata
1544 846 1726 929 Pupi,

208 930 314 993 An
347 932 454 1013 qui
508 931 807 992 Fortunae
840 938 900 992 te
931 951 1279 1011 responsare
1309 931 1604 1012 superbae

210 1014 501 1077 Liberum
530 1024 593 1077 et
622 1025 889 1077 erectum
935 1014 1219 1097 praeseus
1249 1015 1521 1077 hortatur
1551 1022 1614 1079 et
1643 1015 1860 1100 aptat?

210 1098 442 1171 Quodsi
472 1122 566 1163 me
598 1102 848 1183 populus
880 1101 1183 1162 Romanus
1214 1101 1367 1162 forte
1400 1109 1594 1182 roget,
1626 1123 1737 1165 cur

208 1185 354 1248 Non
387 1195 455 1247 ut
486 1186 806 1269 porticibus
838 1186 921 1247 sic
942 1186 1187 1268 judiciis
1217 1186 1384 1247 fruar
1413 1186 1624 1265 isdem,

207 1270 271 1333 N
274 1292 347 1334 ec
380 1293 599 1355 sequar
628 1281 735 1333 aut
762 1271 1173 1353 fugiamquae
1206 1271 1400 1353 diligit
1427 1272 1558 1353 ipse·
1586 1274 1681 1335 vel
1711 1273 1859 1354 odit,

211 1355 375 1419 Olim
404 1357 565 1440 quod
594 1358 803 1439 vulpes
834 1366 1078 1437 aegroto
1110 1366 1289 1419 cauta
1317 1358 1474 1419 leoni
1598 1414 1604 1420 .

207 1441 548 1525 Respondit
600 1443 855 1505 referam
881 1465 896 1503 ε
946 1440 1101 1513 Quia
1129 1463 1222 1503 me
1255 1442 1510 1524 vestigia
1542 1449 1792 1523 terrent,

210 1526 433 1590 Omnia
466 1537 523 1590 te
550 1528 869 1590 adversum
898 1528 1253 1610 spectantia,
1285 1528 1450 1589 nulla
1480 1538 1823 1592 retrorsum.

2166 276 2290 397 1812

2223 1127 2285 1176 70

2218 1551 2283 1599 ⁷5

205 1610 437 1677 Belua·
457 1615 777 1676 multorum
809 1635 873 1675 es
904 1614 1186 1696 capitum.
1224 1610 1385 1676 Nam
1415 1613 1560 1695 quid
1589 1635 1810 1698 sequar
1860 1620 1968 1679 aut
1995 1614 2219 1700 quem?

203 1698 367 1761 Pars
396 1700 697 1763 hominum
729 1700 911 1781 gestit
942 1699 1277 1761 conducere
1308 1699 1572 1781 publica,
1601 1709 1742 1764 sunt
1771 1702 1878 1785 qui

207 1783 449 1847 Crustis
480 1794 543 1846 et
573 1786 760 1868 pomis
792 1785 1001 1846 viduas
1035 1790 1331 1847 venentur
1362 1805 1598 1862 avara-⁴1,

204 1866 653 1953 Excipiantque
684 1891 856 1933 senes
886 1891 1033 1951 quos
1063 1869 1381 1933 in.vivaria
1407 1870 1690 1947 mittant3

204 1953 424 2018 Multis
454 1957 687 2027 occulto
718 1956 936 2018 crescit
965 1976 1061 2017 res
1092 1956 1318 2035 fenore.
1411 1954 1645 2017 Verum

206 2040 361 2103 Esto
414 2042 542 2104 aliis
573 2043 717 2109 alios
746 2042 923 2103 rebus
954 2041 1284 2123 studiisque
1316 2041 1506 2103 teneri
1535 2063 1550 2103 τ

206 2124 384 2190 Idem
414 2127 623 2191 eadem
656 2136 902 2209 possunt
929 2126 1133 2188 horam
1166 2126 1384 2188 durare
1415 2126 1732 2209 probantes
1759 2124 1786 2189 ’ἰ

204 2212 433 2275 Nullus
457 2214 520 2274 in
550 2214 691 2275 orbe
722 2213 885 2275 sinus
916 2212 1080 2273 Baiis
1110 2213 1420 2294 praelucet
1448 2212 1733 2295 amoeni-5,

209 2296 273 2360 Si
304 2298 457 2361 dixit
484 2298 672 2375 dives,
702 2299 869 2360 lacus
900 2306 963 2359 et
991 2317 1154 2359 mare
1186 2298 1369 2359 sentit
1399 2318 1661 2360 amorem

204 2382 257 2447 F
259 2384 575 2447 estinantis
602 2384 769 2459 her-13
819 2383 918 2446 cui
947 2383 996 2444 si
1027 2383 1237 2444 vitiosa
1267 2383 1448 2466 libido

202 2468 257 2531 F
259 2470 453 2532 ecerit
479 2470 829 2552 auspicium,
858 2471 899 2504 “
925 2465 1078 2529 Cras
1107 2466 1480 2529 ferramenta
1509 2466 1782 2529 Teanum

204 2555 479 2634 Tolletis,
508 2553 729 2617 fabri.’'
774 2555 997 2617 Lectus
1028 2554 1276 2635 genialis
1306 2554 1365 2615 in
1397 2555 1535 2617 aula
1564 2562 1679 2638 est,

204 2638 311 2702 Nil
343 2641 431 2703 ait
461 2661 591 2703 esse
622 2640 807 2723 priuS,
838 2640 1051 2701 melius
1081 2640 1160 2699 nil
1192 2639 1418 2701 caelibe
1453 2642 1573 2703 vita
1599 2661 1618 2717 ;

208 2724 274 2788 Si
304 2748 424 2789 non
457 2732 550 2809 est
591 2727 762 2810 jurat
790 2726 941 2787 bene
971 2724 1108 2786 solis
1140 2745 1270 2786 esse
1300 2725 1548 2788 maritis.

206 2810 339 2885 Quo
370 2820 610 2874 teneam
642 2812 839 2873 vultus
869 2817 1200 2891 mutantem
1233 2809 1455 2872 Protea
1484 2812 1638 2876 nodo
1663 2810 1690 2875 ’ἓ

206 2896 366 2969 Quid
396 2896 677 2981 pauper?
765 2896 922 2959 Ride
949 2918 964 2957 :
1014 2904 1207 2957 mutat
1237 2899 1583 2976 coenacula,
1612 2900 1822 2976 lectoe,

204 2982 459 3058 Balnea,
492 2990 779 3060 tonsore8‚
810 2982 1107 3045 conducto
1138 2981 1376 3063 navigio
1407 3002 1598 3066 aeque

204 3067 483 3131 Nauseat
512 3090 583 3130 ac
609 3068 873 3150 locuples
927 3088 1104 3149 quem
1138 3067 1304 3128 ducit
1334 3069 1503 3150 priva
1535 3069 1810 3131 triremis·

290 3152 360 3217 Si
391 3163 635 3216 curatus
664 3152 963 3235 inaequali
995 3161 1231 3214 tonsore
1269 3152 1512 3236 capillos

209 3237 485 3314 Occurri,
516 3238 715 3313 rides3
761 3240 810 3301 si
840 3239 995 3299 forte
1026 3238 1317 3301 subucula
1346 3260 1535 3321 pexae

206 3324 373 3387 Trita
401 3324 609 3387 subest
635 3324 871 3386 tunicae
928 3324 1021 3385 vel
1053 3323 1103 3385 si
1135 3330 1275 3405 toga
1306 3324 1558 3387 dissidet
1585 3324 1800 3407 impar,

208 3409 393 3473 Rides
418 3433 434 3473 :
485 3410 650 3492 quid,
682 3431 816 3471 mea
846 3429 982 3470 cum
1015 3419 1246 3490 pugnat
1274 3411 1574 3473 sententia
1603 3430 1831 3488 secum,

210 3494 380 3569 Quod
412 3495 585 3578 petiit
613 3495 862 3577 spernit,
894 3494 1114 3576 repetit
1143 3495 1302 3576 quod
1332 3517 1526 3578 nuper
1555 3495 1774 3575 omisit,

207 3582 470 3643 Aestuat
500 3591 563 3643 et
594 3582 749 3643 vitae
780 3579 1150 3641 disconvenit
1180 3580 1388 3643 ordine
1421 3574 1564 3658 toto,

209 3664 428 3741 Diruit‚
462 3665 758 3744 aedificat,
786 3672 980 3727 mutat
1009 3664 1307 3747 quadrata
1334 3666 1606 3729 rotundis
1631 3664 1658 3728 ⁸?

209 3749 480 3815 Insanire
511 3760 687 3835 putas
717 3751 1021 3814 sollemnia
1052 3771 1145 3812 me
1199 3772 1398 3835 neque
1428 3752 1611 3832 rides,

209 3836 341 3901 Nec
372 3838 590 3902 medici
621 3838 817 3901 credis
846 3857 959 3899 nec
991 3836 1282 3900 curatoris
1314 3858 1494 3919 egere

2188 3662 2281 3743 ‚ioo
