2742 4417
429 340 556 434 200
1245 347 1692 432 mus-romanu

426 537 695 603 Fortiter
722 534 1051 623 absumptis
1079 534 1347 601 urbanus
1375 538 1576 622 coepit
1600 536 1833 618 haberi,

430 623 659 689 Scurra
684 642 877 707 vagus
904 644 1027 688 non·
1054 623 1158 706 qui
1188 629 1422 688 certum
1450 645 1741 709 praesepe
1772 628 2032 707 teneret,

425 709 797 809 Impransus·
804 730 925 772 non
953 708 1059 793 qui
1087 709 1280 772 civem
1309 709 1649 774 dinosceret
1676 710 1873 791 hoste,

428 793 797 871 Quaelibet
779 816 843 857 ιιι
874 795 1144 878 quemvis
1174 796 1492 879 opprobria
1519 797 1750 879 fingere
1781 816 2020 878 saevus,

427 881 737 945 Pernicies
766 886 831 944 et
857 886 1186 981 tempestas
1214 880 1684 965 barathrumque
1713 882 1974 964 macelli,

427 966 736 1051 Quidquid
765 966 1111 1050 quaesierat
1138 966 1338 1030 ventri
1366 966 1632 1030 donabat
1659 988 1860 1031 avaro.
1895 1020 1914 1040 .

424 1053 550 1117 Hic
578 1052 683 1116 ubi
711 1052 1016 1135 nequitiae
1045 1052 1380 1115 fautoribus
1409 1061 1475 1116 et
1501 1053 1726 1117 timidis
1753 1055 1840 1117 nil

410 1139 560 1223 ,Aut
588 1139 832 1223 paulum
862 1138 1195 1202 abstulerat
1224 1138 1459 1221 patinas
1489 1140 1783 1203 coenabat
1805 1140 1992 1205 omasi

423 1222 582 1288 Vilis
613 1230 676 1287 et
706 1224 986 1307 agninae,
1016 1223 1207 1286 tribus
1234 1224 1392 1287 ursis
1421 1226 1584 1309 quod
1611 1226 1758 1290 satis
1787 1231 1988 1305 esset3

420 1308 677 1374 Scilicet
703 1318 776 1373 ut
804 1316 1045 1373 ventres
1073 1309 1275 1372 lamna
1304 1310 1602 1375 candente
1631 1318 1918 1395 nepotum

358 1395 676 1460 Diceret
703 1394 985 1474 urendos,
1015 1403 1321 1459 correctus
1350 1394 1617 1460 Bestius.
1705 1396 1881 1461 Idem

424 1481 732 1565 Quidquid
763 1489 897 1544 erat
924 1488 1139 1544 nactus
1167 1480 1432 1581 praedae
1463 1482 1704 1565 majoris
1731 1483 1836 1547 ubi
1864 1504 2040 1560 omne

422 1565 762 1632 Verterat·
743 1588 808 1629 ιιι
835 1566 1067 1630 fumum
1096 1573 1161 1629 et
1189 1566 1478 1649 cinerem,
1509 1566 1576 1631 N
1575 1590 1653 1631 on
1680 1554 1926 1633 hercule
1955 1570 2160 1651 miror,

421 1652 673 1732 Aiebat,
704 1652 756 1716 si
784 1654 889 1737 qui
919 1651 1243 1716 comedunt
1269 1652 1448 1731 bona,
1479 1674 1618 1716 cum
1647 1654 1726 1717 sit
1753 1655 1932 1719 obeso

422 1737 533 1802 Nil
561 1734 773 1802 melius
802 1737 1004 1817 turdo,
1032 1739 1117 1800 nil
1148 1737 1329 1802 vulva
1356 1739 1666 1824 pulchrius
1695 1742 1913 1823 ampla.

421 1823 726 1888 Nimirum
755 1823 855 1887 hic
882 1844 997 1907 ego
1025 1844 1196 1900 sum;
1241 1846 1384 1888 nam
1411 1831 1548 1888 tuta
1577 1832 1640 1887 et
1669 1827 1922 1909 parvula
1947 1823 2130 1889 laudo

425 1909 582 1974 Cum
608 1930 710 1973 res
739 1909 1051 1989 deficiunt,
1080 1910 1227 1972 satis
1254 1909 1416 1973 inter
1444 1911 1585 1974 vilia
1611 1911 1822 1987 fortis3

421 1994 659 2059 'Verum
686 1994 791 2058 ubi
819 1995 965 2079 quid
993 1995 1207 2058 melius
1238 1997 1532 2095 contingit
1561 2004 1625 2059 et
1651 1997 1891 2061 unctius
1920 1996 2082 2061 idem

421 2079 555 2145 Vos
583 2102 795 2165 sapere
826 2087 889 2145 et
916 2082 1073 2144 solos
1100 2081 1195 2144 aio
1222 2080 1377 2145 bene
1409 2083 1636 2163 vivere,
1667 2104 1922 2166 quorum

423 2165 805 2253 Conspicitur
832 2166 1036 2231 nitidis
1063 2166 1317 2232 fundata
1346 2169 1606 2252 pecunia
1633 2168 1808 2234 villis.

1053 2602 1567 2672 EPISTOLA
1637 2592 1860 2673 XVI.

418 2778 525 2844 Ns
553 2779 924 2864 perconteris
952 2776 1177 2842 fundus
1205 2798 1398 2858 meus,
1428 2799 1504 2862 op
1505 2777 1648 2842 time
1681 2776 1912 2859 Quinti,

418 2867 591 2930 Arvo
621 2872 832 2950 pascat
858 2867 1072 2930 herum
1102 2884 1181 2927 an
1208 2864 1412 2927 baccis
1441 2864 1754 2946 opulentet
1782 2864 1998 2947 olivae,

418 2951 700 3033 Pomisne
734 2957 799 3014 et
826 2951 1016 3036 pratis
1046 2970 1124 3013 an
1154 2950 1376 3013 amicta
1403 2949 1622 3013 vitibus
1651 2950 1830 3028 ulmo,

421 3018 739 3102 Scribetur
767 3038 877 3102 tibi
904 3037 1099 3136 forma
1124 3034 1461 3119 loquaciter
1488 3042 1554 3099 et
1581 3035 1732 3099 situs
1762 3034 1914 3121 agri.

419 3122 703 3188 Continui
730 3130 964 3187 montes
991 3121 1055 3185 ni
1084 3121 1482 3185 dissocientur
1511 3142 1703 3205 opaca

416 3207 622 3289 Valle,
652 3209 760 3273 sed
788 3216 861 3273 ut
890 3207 1137 3272 veniens
1167 3207 1448 3271 dextrum
1475 3208 1635 3271 latus
1664 3205 1961 3293 adspiciat
1991 3204 2119 3290 Sol,

414 3294 689 3360 Laevum
717 3294 1035 3359 discedens
1065 3314 1248 3357 curru
1275 3294 1550 3376 fugiente
1580 3300 1849 3377 vaporet.

414 3381 793 3465 Temperiem
821 3380 1051 3443 laudes.
1142 3376 1325 3459 Quid,
1356 3380 1406 3442 si
1427 3379 1772 3443 rubicunda
1799 3378 2048 3463 benigni

416 3465 618 3530 Corna
645 3487 862 3551 vepres
893 3472 957 3530 et
982 3486 1181 3549 pruna
1207 3465 1431 3544 ferant,
1462 3465 1514 3528 si
1543 3484 1806 3549 quercus
1834 3473 1899 3529 et
1925 3464 2048 3529 ilex

414 3552 617 3617 Multa
645 3552 823 3635 fruge
854 3572 1041 3637 pecus
1067 3553 1259 3615 multa
1289 3551 1593 3615 dominum
1612 3552 1794 3635 juvet
1821 3550 2058 3631 umbra,

416 3638 600 3703 Dicas
629 3638 958 3703 ‘adductum
987 3637 1229 3723 propius
1257 3637 1540 3701 frondere
1570 3636 1918 3700 Tarentum.

411 3723 576 3789 Fons
606 3726 789 3789 etiam
817 3724 949 3788 rivo
978 3724 1125 3788 dare
1154 3745 1373 3789 nomen
1402 3723 1676 3801 idoneuS,
1707 3729 1776 3786 ut
1804 3743 1919 3786 nec

412 3810 716 3894 Frigidior
742 3810 1043 3875 Thracam
1072 3830 1186 3873 nec
1216 3810 1423 3894 purior
1452 3808 1676 3873 ambiat
1706 3792 2153 4093 ΙΨ

413 3896 663 3963 Infirmo
691 3896 876 3983 capiti
903 3895 1039 3960 fluit
1065 3895 1253 3979 utilis,
1281 3894 1448 3960 utilis
1479 3896 1636 3960 alvo.
